2788 4486
190 275 250 339 190
564 239 571 326 ᾗ
617 273 660 324 on
679 272 817 326 orrrcus

188 429 253 490 illas
289 428 374 489 aedes
408 422 603 502 vendidisset,
638 427 710 490 nihil
742 427 832 490 luisse
861 443 983 490 neeesse
1013 426 1068 488 diei
1096 443 1151 487 nee
1181 445 1249 488 eum

189 533 255 576 esse
274 513 441 592 deceptum,
468 513 582 593 quiid,
610 512 690 592 quod
710 521 832 587 emerat,
853 531 912 592 quo
934 512 996 574 iure
1016 519 1093 573 esset
1118 511 1247 573 teneret!

136 607 167 658 68
190 600 324 673 Quorsus
345 597 437 660 haec?
459 607 492 660 ut
510 598 579 660 illud
593 597 757 678 intellegas,
778 617 840 662 non
854 596 1000 679 placuisse
1014 597 1175 660 maioribus
1189 616 1247 659 no-

190 685 258 746 stris
274 690 396 746 astutos.

132 770 171 831 17
275 769 331 830 Sed
357 768 437 830 aliter
460 769 550 849 leges,
576 768 659 830 aliter
681 769 851 849 philosophi
875 769 980 831 tollunt
1003 768 1138 830 astutias:
1162 767 1248 847 leges,

189 863 333 933 quatenns
351 861 555 916 manutenere
569 863 709 933 possunt,
729 854 913 935 philosophi,
934 861 1077 934 quatenus
1091 853 1207 916 ratione
1221 863 1250 915 et

185 940 389 1019 intellegentia.
417 939 585 1019 Ratiooergo
601 941 660 1000 hoc
673 941 809 1019 postulat,
824 957 861 1000 ne
876 939 945 1018 quid
960 938 1111 1013 insidiose,
1126 957 1165 1000 ne
1180 939 1249 1018 quid

190 1025 332 1099 simulate,
347 1043 384 1086 ne
399 1024 467 1104 quid
483 1025 628 1087 lallacitcr.
655 1024 768 1086 Suntne
777 1024 866 1103 igitur
876 1025 999 1086 insidiae
1009 1024 1130 1086 tendere
1140 1024 1249 1104 plagas,

190 1111 277 1172 etiarn
302 1112 327 1170 si
352 1110 527 1172 excitaturus
551 1129 612 1172 non
633 1111 674 1172 sis
694 1129 748 1190 nee
763 1107 946 1190 agitaturus?
973 1109 1054 1189 ipsae
1073 1111 1152 1172 enim
1171 1111 1249 1171 lerae

190 1195 270 1258 nullo
285 1195 457 1273 insequente
473 1215 560 1274 saepe
574 1195 716 1257 incidunt.
747 1196 797 1258 Sic
810 1204 842 1257 tu
857 1197 943 1256 aedes
958 1195 1142 1274 proscribas,
1163 1196 1249 1256 tabu·

132 1299 136 1306 ·
191 1281 250 1342 lam
269 1288 416 1360 tamquam
435 1281 550 1359 plagam
569 1299 677 1360 ponaS,
703 1283 824 1343 domurn
843 1289 967 1360 propter
986 1281 1053 1342 vilia
1072 1283 1194 1354 vendas,
1218 1280 1250 1341 in

122 1374 171 1424 .69
194 1385 257 1426 cam
274 1365 377 1445 aliquis
392 1365 522 1426 incurrat
536 1364 730 1445 imprudens?
760 1366 824 1428 lloo
838 1383 1014 1446 quamquam
1029 1366 1113 1427 video
1129 1373 1251 1447 propter

191 1451 427 1530 depravationem
452 1451 672 1513 consuetudinis
697 1470 791 1531 neque
816 1471 899 1513 more
921 1459 1006 1532 turpe
1029 1452 1131 1513 haberi
1155 1470 1251 1531 neque

193 1544 242 1598 aut
261 1538 322 1614 lege
342 1536 449 1596 sanciri
469 1546 518 1598 aut
536 1537 599 1597 iure
614 1537 701 1610 civili,
722 1538 819 1599 tamen
834 1545 953 1598 naturae
969 1537 1029 1615 lege
1044 1547 1179 1599 sanctum
1194 1547 1249 1598 est,

192 1622 322 1684 Societas
341 1629 387 1682 est
401 1620 480 1682 enim
496 1622 630 1701 -quod
650 1622 704 1684 etsi
720 1642 806 1702 saepe
825 1623 935 1684 dietum
954 1630 1008 1696 est,
1030 1623 1184 1684 dicendum
1204 1630 1251 1683 est

192 1715 291 1768 tamen
312 1706 429 1786 saepius
445 1707 640 1768 -latissime
660 1707 778 1788 quidem
799 1727 872 1788 quae
890 1715 999 1788 pateat,
1021 1708 1154 1774 omnium
1173 1707 1251 1770 inter

193 1811 309 1866 omnes,
324 1792 445 1853 interior
459 1809 575 1865 eornm,
590 1792 640 1872 qui
654 1794 785 1854 eiusdem
801 1794 894 1872 gentis
911 1794 982 1867 sint,
998 1793 1122 1872 propior
1136 1811 1250 1866 eorum,

193 1878 242 1958 qui
262 1879 394 1940 eiusdem
415 1877 545 1938 civitatis.
580 1877 680 1958 Itaque
699 1879 826 1940 maiores
847 1879 922 1940 aliud
942 1879 987 1939 ius
1008 1879 1152 1958 gentium,
1171 1877 1251 1941 aliud

192 1964 237 2025 ius
257 1963 337 2024 civile
355 1983 420 2024 esse
440 1963 602 2024 voluerunt.
633 1965 720 2038 Quod
736 1963 830 2039 civile,
851 1964 1003 2025 nunidem
1020 1965 1160 2026 continuo
1177 1981 1250 2042 gen-

193 2049 279 2121 tium,
306 2049 385 2127 quod
408 2056 505 2109 autem
530 2048 674 2127 gentium,
697 2047 776 2110 idem
801 2049 880 2110 civile
900 2067 965 2110 esse
985 2049 1080 2110 dehet.
1115 2049 1173 2110 Sed
1191 2066 1250 2110 nos

94 2132 101 2138 “
192 2134 251 2194 veri
275 2133 347 2195 iuris
374 2151 586 2213 germanaeque
605 2133 729 2195 iustitiae
750 2134 874 2196 solidam
894 2141 921 2195 et
940 2151 1109 2214 expressam
1125 2131 1250 2212 effigiem

159 2231 161 2234 ·
193 2219 302 2282 nullam
316 2227 460 2295 tenemus,
475 2219 579 2282 umbra
594 2231 622 2280 et
636 2219 809 2300 imaginibus
824 2219 943 2282 utimur.
973 2219 1028 2282 Eas
1044 2219 1123 2300 ipsas
1137 2220 1250 2283 utinam

230 2442 347 2506 Quorsus
359 2444 436 2494 haee?
463 2441 556 2493 Wohin
569 2442 630 2493 zielt
642 2444 695 2507 das,
749 2447 791 2494 iace
818 2443 858 2492 die
881 2442 1054 2508 Aushildnng,
1078 2443 1179 2511 'welche
1205 2443 1251 2493 dea

194 2511 306 2562 weshalh
318 2511 381 2560 wird
394 2511 476 2560 dieses
490 2512 620 2561 erwiihnt?
749 2509 936 2574 Reeheswesen,
949 2528 971 2562 z.
986 2512 1013 2562 Β.
1026 2513 1102 2562 durch
1116 2511 1156 2562 die
1169 2511 1253 2561 edictu

230 2569 281 2630 17.
306 2577 346 2628 68.
369 2583 497 2643 tamquam
506 2578 621 2645 plagam,
640 2578 697 2627 ,Der
749 2585 892 2643 praetorum
921 2580 1023 2642 erhielt‚
1053 2581 1100 2630 den
1124 2578 1252 2631 Gesetzen

195 2647 313 2710 Singulnr
323 2645 409 2713 plaga,
422 2646 466 2695 das
476 2643 549 2708 Netz,
562 2645 596 2694 ist
606 2645 696 2706 salton,
750 2646 986 2706 entgegengestellt.
1008 2647 1066 2709 Vgl.
1077 2646 1095 2711 1,
1109 2633 1187 2710 10,3i
1200 2662 1254 2696 non

196 2715 257 2763 doeh
270 2713 348 2762 findet
359 2728 388 2762 er
400 2713 453 2762 sich
468 2713 533 2763 0vid
544 2728 581 2762 ur.
594 2728 641 2762 am.
654 2710 695 2773 lll,
749 2710 819 2761 rotella
834 2714 891 2760 iuro
902 2716 1031 2779 praetorto
1046 2715 1188 2765 hhmarrtur
1200 2731 1254 2766 oon

196 2781 246 2840 428
277 2785 351 2844 toque
379 2780 484 2848 plagam
511 2780 579 2830 nullo
606 2795 696 2829 cereres
750 2777 940 2843 catalog-ahos.

105 2893 115 2902 .
147 2842 161 2855 ‘
195 2851 375 2916 argenteaenit.
403 2846 466 2897 Plio.
481 2865 503 2897 o.
517 2848 540 2896 h.
553 2846 596 2911 xl,
610 2845 651 2909 24,
664 2845 696 2895 28
784 2849 894 2898 societas
906 2844 1075 2909 collucetrl,
1091 2845 1183 2910 1253.

196 2914 585 2982 lieotecetremaltaereatphrga,
598 2929 697 2982 aornper
786 2914 894 2976 aolidem
915 2919 941 2964 et
955 2928 1107 2982 eoeproseam
1124 2913 1253 2979 effigiem:

195 2987 223 3036 in
234 2983 347 3034 modium
359 2986 446 3034 comt
751 2982 856 3048 solidus,
872 2999 917 3033 aus
935 2983 1022 3033 lestem
1035 2981 1129 3044 Stoffe3
1147 2995 1255 3060 cepres·

230 3054 401 3103 eceitoturue.
419 3049 446 3100 ln
455 3054 577 3115 cardiace,
589 3053 697 3115 agitare,
752 3067 810 3111 sue,
825 3051 933 3100 deutlich
945 3051 1109 3115 ansgepriigt,
1127 3049 1255 3100 bestrmmt

196 3119 307 3171 incidere
328 3119 362 3168 ist
379 3119 422 3168 dns
438 3119 493 3169 Blld
510 3121 556 3169 dar
567 3119 628 3182 Jagd
645 3118 699 3167 bei·
753 3119 955 3169 hervortretend.
980 3117 1055 3170 Tusc.
1068 3116 1113 3184 lll,
1125 3118 1154 3179 2,
1167 3115 1182 3165 3
1195 3132 1255 3168 con-

197 3189 321 3239 behalten.
752 3191 914 3252 sectaturque
924 3186 1020 3238 necdum
1032 3190 1183 3238 mmhontern
1195 3187 1267 3253 effi

231 3256 336 3307 doraum
350 3260 457 3324 propter
472 3258 534 3306 oilie
550 3255 645 3306 eandm
666 3255 700 3306 ist
751 3258 821 3323 giem
843 3255 889 3306 aed
909 3255 1089 3323 adumbratam
1115 3257 1255 3322 imuga'rrem

198 3340 244 3375 zur
261 3324 431 3388 Erllinterung
445 3323 619 3388 hlnzugcl'uigt,
640 3323 700 3372 weil
751 3323 858 3390 gloriae.
875 3317 1254 3390 netmrmgtortaeoloieqc'ae

198 3394 238 3444 die
250 3392 342 3458 Stelle,
364 3391 409 3443 aol'
422 3394 462 3442 die
479 3392 620 3458 angespielt
637 3388 700 3442 wird
755 3389 1254 3462 domreseteoepreasanonadumdrato

199 3461 232 3528 (ᾖ.
245 3460 296 3524 54),
309 3477 337 3510 so
350 3460 462 3512 entierot
474 3462 549 3511 steht.
754 3487 787 3496 —
800 3459 934 3512 Redienten
956 3462 1004 3511 wir
1023 3477 1070 3511 uus
1092 3462 1137 3512 der
1153 3461 1254 3510 wahren

231 3533 258 3580 in
271 3546 328 3579 eom
344 3530 378 3580 ist
393 3529 438 3579 aul
446 3529 550 3597 plegem
567 3545 598 3578 zu
614 3529 699 3579 berie—
755 3526 954 3594 Gerechtigheit‚
976 3545 1004 3579 so
1021 3529 1125 3580 wiirden
1144 3529 1192 3579 wir
1205 3527 1254 3578 alle

198 3601 254 3662 hen,
267 3599 297 3648 du
308 3613 339 3646 zu
352 3598 454 3649 domum
466 3599 510 3648 das
521 3597 573 3647 Bild
583 3599 702 3648 inererat
754 3595 889 3646 lllenschen
902 3597 940 3648 als
952 3612 1044 3648 unsere
1057 3597 1198 3648 Mithriidcr
1209 3611 1255 3646 an·

92 3689 99 3694 ·
143 3673 147 3682 ’
199 3669 266 3718 nieht
278 3681 368 3732 possen
381 3666 475 3716 wiirde.
754 3665 831 3715 sehon
845 3666 879 3727 (s.
892 3679 914 3715 z.
928 3664 938 3715 l
954 3664 1027 3730 §.hh
1047 3665 1106 3730 Vgl.
1119 3666 1150 3716 do
1160 3664 1201 3714 hu.
1215 3661 1255 3729 lll,

234 3736 275 3786 69.
300 3739 347 3786 aut
357 3735 413 3800 lege
424 3735 526 3785 smreire
537 3737 583 3784 out
594 3734 652 3783 iure
664 3735 700 3782 ci-
756 3731 795 3799 19,
805 3731 846 3782 64.
859 3732 899 3795 20,
910 3732 955 3798 ol)
972 3735 1022 3784 und
1032 3734 1118 3784 darum
1129 3731 1255 3782 zwisalten

199 3805 254 3854 oili:
273 3805 317 3854 lece
327 3805 377 3854 und
388 3805 430 3854 r'ua
447 3803 546 3853 konnen
563 3802 617 3851 hier
634 3801 701 3851 nieht
753 3802 796 3851 lus
808 3801 879 3852 civile
894 3802 945 3852 und
958 3805 1078 3869 gentium
1094 3801 1161 3851 nicht
1174 3798 1256 3849 schei-

199 3873 224 3924 in
236 3874 282 3924 der
293 3871 382 3922 Weise
399 3876 625 3936 entgegengesetzt
636 3870 699 3933 sein,
753 3869 809 3919 den.
833 3867 887 3919 Sed
896 3870 986 3937 kniiplt
996 3871 1051 3920 also
1064 3883 1095 3919 nn
1107 3869 1151 3919 das
1164 3867 1257 3918 nomit-

200 3941 247 3993 wle
259 3939 270 3992 l
282 3940 306 4004 §-
321 3935 369 3990 124
377 3977 385 4006 ‚
404 3940 526 3992 vielmahr
542 3937 605 3990 wird
622 3939 699 3988 durch
753 3936 836 3988 telhnr
847 3936 1059 4002 Vorhergehende
1071 3951 1111 3988 an.
