2774 4482
516 303 576 356 LIB.
588 303 607 355 l.
636 303 704 356 CAP.
719 298 837 351 22-24,
1170 303 1210 366 65

234 455 364 518 Omnino
383 456 452 520 illud
467 446 645 531 honestum,
668 458 750 538 quod
768 477 803 518 ex
823 455 920 517 animo
941 455 1056 517 excelso
1075 455 1212 536 magnid·
1230 461 1271 524 28

147 559 242 622 coque
262 542 442 620 quaerimus,
462 543 554 604 animi
571 543 709 616 efficitur,
728 559 791 604 non
811 542 945 620 corporis
964 540 1084 602 viribus.
1119 542 1211 604 liner·
1233 555 1265 606 79

147 629 277 689 cendum
288 633 389 688 tamen
399 647 509 706 corpus
524 639 553 708 et
568 628 812 710 itaadficiendum
823 633 878 700 est,
894 633 927 688 ut
939 625 1077 688 oboedire
1088 627 1211 689 consilio

146 711 314 790 rationique
332 713 431 791 possit
449 713 481 773 in
500 709 826 792 exequendis'negetiis
846 718 875 772 et
889 711 920 771 in
935 711 1033 772 labore
1047 711 1211 774 tolerando.

146 797 314 858 Honestum
331 804 429 858 autem
444 798 483 872 id,
499 799 577 877 quod
595 799 782 878 exquirimus,
799 805 894 858 totum
906 801 951 856 est
961 795 1091 874 positum
1103 797 1135 858 in
1147 797 1212 860 ani·

146 881 190 942 mi
206 896 274 942 cura
289 888 319 942 et
333 881 522 960 cogitatione:
543 883 573 944 in
590 902 648 962 quo
663 901 726 944 non
745 883 892 944 minorem
911 881 1063 942 utilitatem
1079 883 1213 944 adferunt

147 966 199 1046 qui
214 965 305 1044 togati
319 965 362 1027 rei
376 966 509 1046 publicae
523 977 665 1047 praesunt
680 987 768 1048 quam
783 967 833 1047 qui
847 967 955 1028 bellum
970 967 1212 1051 geumtqqtuque

147 1069 252 1111 eorum
270 1049 392 1112 consilio
410 1070 496 1131 saepe
515 1070 577 1114 non
589 1062 731 1133 suscepta
746 1061 795 1114 aut
810 1053 942 1113 conlecta
961 1051 1034 1112 bella
1049 1059 1131 1126 sunt,
1151 1069 1212 1112 non

104 1145 107 1150 '
147 1154 311 1213 numquam
331 1135 417 1197 etiam
438 1135 527 1211 illata,
547 1149 580 1199 ut
599 1138 638 1199 Μ.
654 1138 773 1200 Catonis
791 1137 899 1198 bellum
919 1137 1038 1198 tertium
1056 1136 1212 1210 Punicum,

147 1221 178 1280 in
194 1238 256 1299 quo
271 1220 358 1281 etiam
372 1222 483 1302 mortui
499 1223 587 1284 valuit
598 1223 856 1295 auctoritasffltlua
870 1239 902 1282 re
917 1221 1079 1300 expetenda
1094 1221 1213 1300 quridem
1233 1234 1266 1286 80

146 1304 241 1384 magis
262 1312 306 1365 est
326 1305 511 1368 decernendi·
524 1307 598 1368 ratio
619 1325 706 1386 quam
727 1306 893 1368 decertandi
913 1292 1069 1379 sortitudd7
1091 1306 1144 1367 sed
1164 1325 1213 1367 ca-

147 1389 276 1450 vendum
291 1407 328 1450 ne
343 1389 373 1449 id
387 1389 514 1452 bellandi
534 1393 626 1471 magis
647 1394 714 1470 luga
734 1411 821 1472 quam
842 1391 971 1452 utilitatis
991 1391 1104 1452 ratione
1125 1391 1213 1452 lacia-

147 1492 224 1536 mus.
254 1474 367 1536 Bellum
382 1482 478 1537 autem
494 1475 534 1536 ita
549 1477 734 1556 suscipiatur,
752 1484 784 1537 ut
798 1476 872 1536 nihil
886 1473 962 1535 aliud
977 1473 1035 1534 nisi
1050 1494 1107 1554 pax
1123 1492 1213 1554 quac-

149 1559 205 1620 sita
220 1559 359 1621 videatur.

110 1663 116 1668 ·
233 1645 331 1705 Fortis
346 1663 415 1706 vero
431 1644 520 1706 animi
536 1653 565 1706 et
580 1644 742 1721 constantis
758 1651 803 1705 est
821 1661 883 1705 non
898 1643 1063 1722 perturbari
1077 1645 1108 1705 in
1123 1644 1212 1706 rebus

148 1727 261 1806 asperis
277 1747 332 1790 nee
346 1730 574 1791 tumultuantem
594 1730 630 1791 de
651 1731 742 1810 gradu
762 1729 849 1801 deici,
871 1737 904 1788 ut
919 1728 1036 1801 dicitur,
1058 1730 1110 1789 sed
1125 1748 1212 1808 prae-

148 1815 225 1874 senti
241 1814 339 1876 animo
355 1813 399 1874 uti
414 1822 442 1875 et
458 1815 582 1876 consilio
605 1833 661 1876 nec
676 1834 693 1875 a
707 1814 821 1876 ratione
842 1812 998 1874 discedere.
1029 1814 1212 1895 Quamquam
1233 1828 1262 1879 81

147 1897 207 1958 hcc
221 1899 324 1972 animi,
345 1899 416 1960 illud
432 1900 518 1962 etiam
535 1899 643 1978 ingenii
663 1899 761 1978 magni
776 1906 834 1972 est,
855 1897 1024 1977 praecipere
1039 1898 1213 1978 cogitatione

146 1983 246 2044 lutura
261 1991 290 2044 et
305 1983 451 2062 aliquanto
464 1992 531 2046 auto
541 1984 720 2045 constituere
731 1984 800 2062 quid
812 1982 941 2044 accidere
951 1983 1048 2062 possit
1058 1983 1088 2043 in
1100 1991 1212 2050 utram,-

148 2085 205 2146 que
220 2075 334 2146 partem
349 2076 378 2128 et
393 2068 461 2150 quid
478 2070 622 2146 agendum
642 2069 695 2143 sit,
716 2088 783 2130 oum
803 2068 873 2148 quid
894 2068 1033 2142 evenerit,
1053 2087 1108 2130 nec
1128 2088 1212 2131 com·
1243 2069 1245 2074 ’

149 2152 267 2212 mittere
285 2152 489 2233 utaliquando
511 2153 668 2215 dicendum
688 2153 739 2216 sit:
762 2153 841 2226 ‚Nou
856 2160 1018 2233 putaram‘
1048 2153 1125 2214 Haec
1144 2161 1213 2215 sunt

150 2255 239 2315 opera
260 2237 357 2314 magni
378 2238 467 2298 animi
487 2246 516 2299 et
534 2239 640 2299 excelsi
660 2247 691 2313 etv
706 2238 863 2318 prudentia
884 2238 1066 2316 consilioque
1086 2239 1211 2299 fidentia.

37 2371 40 2378 .
112 2321 278 2382 ·Temere
293 2329 388 2381 autem
403 2321 434 2382 in
450 2322 509 2383 acie
524 2323 634 2384 versari
649 2326 678 2383 et
692 2341 782 2385 mauu
802 2341 869 2384 cum
883 2323 969 2383 hoste
985 2322 1140 2400 confligere
1154 2322 1212 2382 im·
1277 2370 1280 2375 .

152 2421 241 2462 mane
257 2403 395 2480 quiddam
409 2414 437 2465 et
451 2406 601 2468 beluarum
618 2407 713 2470 simile
733 2416 791 2481 est,
813 2407 864 2468 sed
885 2426 951 2468 oum
971 2414 1088 2485 tempus
1108 2424 1212 2468 neces-

153 2485 284 2564 sitasque
299 2487 435 2564 postulat
450 2487 657 2553 decertandum
673 2510 764 2552 manu
775 2500 820 2553 est
834 2500 863 2552 et
877 2510 958 2552 mors
972 2492 1101 2553 servituti
1116 2492 1212 2572 turpi·
1286 2513 1289 2520 ¹

151 2571 535 2652 tudiniqueanteponenda,
1230 2629 1272 2689 24

236 2655 278 2716 lle
287 2657 454 2718 evertendis
475 2667 571 2720 autem
588 2660 816 2741 diripiendisque
832 2661 953 2722 urbibus
974 2660 1054 2722 valde
1076 2661 1212 2722 conside·
1234 2720 1265 2771 82

183 2781 234 2844 23.
255 2791 295 2842 79.
313 2798 418 2846 morteri.
441 2795 504 2845 Cato
520 2796 590 2846 sturlo
604 2796 654 2846 605
708 2797 781 2846 mend
795 2795 850 2858 (vor
861 2795 971 2846 Sohreclr
981 2796 1214 2863 undVerwirrung)

150 2859 219 2924 (149)
243 2859 258 2909 3
279 2860 354 2910 latire
369 2878 419 2925 ,vor
435 2863 481 2912 der
497 2862 656 2928 Zerstdruug
709 2865 756 2914 deu
766 2860 835 2929 ltopf
843 2864 977 2914 verlieren.
998 2863 1048 2914 Das
1058 2865 1113 2915 Bild
1122 2865 1156 2916 ist
1164 2882 1215 2917 von

149 2927 296 2991 Carthagoe.
710 2933 757 2981 den
768 2928 1092 2996 Gladiatorengenommen.
1105 2933 1214 2985 llasGe-

184 2994 224 3044 80.
248 2995 401 3048 decernendi
419 3026 451 3034 —
473 3015 549 3064 quarn
568 2999 656 3050 decer·
709 3000 820 3062 gentheil
829 3001 863 3050 ist
871 3003 899 3050 in
909 3001 1024 3066 gradum
1032 3005 1133 3066 retrerte',
1144 3003 1214 3053 scine

149 3061 227 3126 tend,
247 3065 304 3114 eine
316 3071 397 3116 etwas
409 3067 529 3128 gesuolrte
542 3066 655 3117 Paeone·
708 3067 821 3117 Position
833 3067 1067 3132 wiedergewinnen.

147 3131 234 3180 masie.
744 3135 784 3186 81.
794 3137 841 3186 leoe
849 3137 935 3204 enimi,
945 3137 1010 3187 illaad
1017 3139 1095 3187 etiem
1103 3138 1203 3203 ingenti
1207 3157 1216 3188 .-

183 3197 281 3249 Bellum
292 3203 388 3250 autern.
407 3200 529 3252 Dasselbe
542 3202 576 3252 ist
587 3201 612 3268 ᾖ.
623 3201 656 3252 34
708 3205 843 3268 ingentem
860 3205 1015 3267 angelomus
1033 3203 1137 3270 Talent,
1159 3210 1215 3256 ani-

148 3268 350 3383 lainlngeslquroolren
363 3268 656 3334 undkonutelrierliig-
703 3286 770 3389 mqq
780 3269 935 3388 Gesiqnung.
952 3340 1001 3392 Vl
1046 3339 1071 3390 Μ
1116 3340 1213 3392 Vlm

168 3349 181 3382 c
220 3348 301 3384 een.
770 3353 942 3390 neumam:
976 3355 1038 3391 aer.
1072 3357 1114 3390 ax.
1162 3377 1194 3403 ‚‚

182 3399 270 3452 Fortes
285 3403 367 3452 eune
376 3407 403 3452 et
418 3408 559 3455 constantie
572 3411 656 3456 eet-
709 3404 794 3472 Scipio
803 3355 950 3470 §fricorus
964 3414 1040 3478 turpe
1052 3425 1108 3459 esse
1121 3411 1213 3474 metat,

145 3472 336 3534 praesentanti
351 3473 446 3521 maimo.
476 3471 570 3522 Zuerst
587 3475 656 3523 stelit
708 3475 776 3522 aare
787 3473 895 3525 utilitati
905 3475 988 3527 dicere
1003 3492 1061 3540 ,nou
1072 3479 1213 3543 putcrmn‘.

148 3535 652 3606 auiemeeliirlromo‚wieauolrwirSeele,
744 3544 843 3610 ternpus
864 3547 1063 3608 necessitasque,
1091 3545 1135 3594 das
1158 3545 1214 3603 sind

148 3601 223 3654 Geist
235 3619 325 3667 eugen,
342 3606 477 3670 producte.
492 3608 537 3670 11,
554 3607 586 3658 29
599 3610 655 3658 oni·
707 3611 983 3675 temporenecessaria;
994 3613 1038 3661 das
1045 3607 1126 3662 duduci
1134 3609 1215 3664 δυοῖν

146 3687 206 3721 mue
216 3687 263 3721 nec
273 3676 353 3722 tenue
365 3690 393 3723 se
405 3675 654 3742 mbmbusslwrge-
707 3677 773 3727 kann
786 3694 833 3727 nur
844 3681 1008 3742 angewendet
1017 3681 1128 3744 werden,
1140 3696 1213 3730 wenn

147 3743 282 3804 reamque
291 3743 656 3810 toteouoisregule'e'aqeeaage·
708 3746 754 3795 der
766 3753 834 3796 erate
844 3747 940 3810 Begriff
948 3749 1010 3798 ancli
1022 3747 1064 3798 seir
1076 3749 1128 3798 sich
1138 3748 1213 3798 allein

148 3811 236 3869 retur,
254 3823 334 3872 neque
352 3810 427 3858 toties
440 3810 471 3858 de
483 3814 535 3860 erla
546 3815 604 3879 ipsa
616 3812 654 3862 de'-
696 3815 797 3863 stenen
809 3815 912 3865 ludente.

147 3877 263 3926 moeret.
741 3872 791 3932 24.
811 3882 851 3932 82.
869 3882 1213 3950 niesltapitelzeieunetsieh

182 3941 381 3994 ummoeaotem
390 3944 515 4012 degrada
524 3945 592 4012 deici,
603 3946 654 3996 ldr·
707 3951 858 4001 namenttich
878 3951 987 4003 dadurclr
1005 3969 1058 4018 nos,
1080 3955 1138 4005 dass
1156 3969 1214 4005 ver-

203 4019 463 4069 etauctoritatem.
526 4078 529 4084 .
992 4036 1010 4087 '5
