2718 4484
491 286 807 340 munimntum.
919 259 925 272 ’
995 347 998 351 ,
1115 292 1176 358 195
1242 368 1247 375 ι

110 441 188 504 tatio
214 440 349 504 Pinthiae
374 435 490 520 luisses
506 443 597 522 equiti
619 443 754 504 Romano
786 461 856 506 sane
880 444 1021 518 honesto,
1053 463 1120 508 cum
1150 447 1176 508 ir

8 557 10 596 ᾗ
112 527 313 607 sponsionem
333 525 451 590 fecisset
469 548 500 590 nr
516 545 563 590 rra
578 547 674 590 nonos
689 547 790 590 assur.
819 529 919 610 ltaque
932 530 958 592 ei
972 528 1081 592 dixisse
1094 531 1176 596 rim-

8 647 9 650 =
108 613 259 676 briam-se
273 611 350 674 illam
364 631 428 674 rem
442 631 603 694 numquam
617 613 824 690 iudicaturum,
837 633 875 676 na
889 625 939 686 aut
953 609 1091 696 spoliaret
1101 617 1178 680 lama

72 757 82 762 -
110 698 277 780 probatum
292 697 458 774 hominem,
478 699 504 760 si
519 706 622 762 contra
638 699 832 776 iudicavisset,
850 709 899 764 aut
914 701 1050 778 statuisse
1064 701 1176 764 videra-

109 793 167 846 tur
185 784 281 846 virum
305 784 417 846 bonum
445 804 511 848 esse
534 785 672 866 aliquem,
698 805 766 848 curn
791 806 824 848 ea
846 806 894 850 res
918 787 1176 850 innumerabilibus

8 941 10 948 y
110 870 221 934 officiis
241 877 269 931 et
286 869 421 932 laudibus
440 871 645 934 contineretur.
684 871 760 934 Huic
777 872 865 952 igitur
882 873 945 934 viro
967 873 1062 948 bono,
1089 892 1176 953 quem

109 955 246 1018 Fimbria
266 955 368 1030 etiam,
388 973 450 1018 non
469 957 559 1018 modo
575 954 711 1018 Socratas
730 966 863 1033 noverat,
883 959 963 1020 nullo
979 959 1071 1020 modo
1087 958 1177 1022 videri

110 1048 215 1124 potest
235 1040 388 1122 quicquam
409 1055 474 1104 esse
492 1043 562 1104 utile
576 1041 656 1122 quod
669 1060 732 1105 non
746 1043 906 1106 honestum
921 1045 968 1106 sit.
999 1044 1096 1124 ltaque
1110 1043 1176 1112 talis

110 1127 162 1188 vir
181 1144 243 1188 non
262 1127 354 1188 modo
373 1128 479 1202 lacere4
499 1127 551 1188 sed
564 1145 602 1190 nc
618 1128 744 1208 cogitare
757 1129 874 1208 quidem
890 1130 1046 1209 quicquam
1061 1130 1178 1192 audebit

110 1213 198 1293 quod
211 1230 274 1274 non
289 1213 394 1276 audeat
407 1213 582 1292 praedicare.
611 1213 688 1276 Haeo
701 1232 763 1276 uon
778 1223 863 1294 turne
878 1224 924 1278 est
937 1215 1068 1278 dubitare
1078 1215 1176 1295 philo·
1209 1215 1212 1228 ’

111 1299 246 1378 sophos,
267 1317 341 1378 quae
360 1316 397 1361 ne
416 1299 518 1360 rustici
538 1299 655 1378 mndem
674 1297 828 1362 dubitent?
848 1301 990 1380 aquibus
1010 1309 1112 1363 natum
1132 1309 1178 1364 est

110 1384 162 1457 id,
183 1384 262 1464 quod
282 1383 342 1445 iam
361 1384 520 1446 contritum
540 1392 585 1445 est
608 1392 748 1448 vetustate
772 1386 968 1465 proverbium.
1005 1385 1078 1448 Cum
1096 1386 1176 1448 enim

110 1469 205 1532 fidem
221 1469 340 1532 alicuius
355 1469 573 1550 bonitatemque
586 1471 718 1546 laudant,
737 1470 872 1550 ‘dignum
887 1471 965 1533 esse'
981 1471 1081 1532 dicunt
1096 1467 1175 1551 ‘q'ui-

112 1574 185 1618 cum
203 1554 234 1616 in
254 1555 383 1616 tenebris
402 1555 512 1617 mices!
545 1555 610 1616 Hoc
629 1575 716 1636 quam
735 1556 821 1618 habet
839 1557 898 1618 vim
918 1557 975 1618 nisi
993 1557 1084 1630 illam,
1104 1556 1177 1618 nihil

112 1640 253 1720 expedire
268 1641 347 1721 quod
361 1659 424 1702 non
439 1642 547 1716 deceat,
563 1642 649 1703 etiam
664 1641 689 1702 si
704 1641 735 1702 id
748 1641 846 1722 possis
862 1642 942 1704 nullo
956 1642 1102 1704 refellente
1120 1641 1176 1704 ob-

113 1723 232 1789 tinere?
261 1727 387 1788 Videsne
401 1727 460 1788 boo
473 1727 629 1807 proverbio
644 1746 739 1807 neque
750 1727 822 1808 Gygi
837 1728 875 1789 illi
889 1747 979 1809 pesse
990 1727 1102 1789 reniam
1114 1727 1175 1790 dari
1196 1734 1229 1786 78

113 1831 212 1893 neque
230 1811 311 1886 huic,
333 1830 420 1892 quem
439 1811 536 1892 paullo
557 1821 623 1874 ante
642 1811 787 1892 fingebam
807 1813 965 1893 digitorum
984 1813 1177 1893 percussione

112 1897 289 1960 hereditates
305 1897 438 1960 omnium
453 1917 544 1978 posse
558 1895 762 1961 converrere?
778 1899 817 1962 Ut
831 1899 918 1974 enim,
934 1899 1013 1979 quod
1027 1907 1112 1978 turpe
1123 1908 1176 1974 est,

113 1983 160 2058 id,
176 1982 308 2064 quamvis
323 1983 491 2059 occultetur,
506 1992 603 2046 umen
618 1985 777 2046 honestum
791 1983 854 2046 fieri
869 1985 949 2046 nullo
964 1983 1055 2046 modo
1070 1993 1177 2064 potest

116 2069 175 2142 sic,
196 2069 274 2148 quod
289 2069 449 2131 honestum
463 2086 524 2131 non
540 2076 597 2144 est,
612 2070 641 2131 id
656 2070 726 2132 utile
739 2078 773 2131 ut
788 2071 827 2132 sit
842 2071 917 2132 effici
932 2088 994 2132 non
1009 2076 1108 2150 potest
1123 2069 1176 2132 ad-

114 2161 249 2216 versante
263 2161 291 2215 et
303 2161 484 2236 repugnante
498 2162 609 2216 natura.
1194 2199 1236 2260 20

201 2239 239 2302 lt
253 2239 345 2315 enim,
361 2259 428 2302 cum
443 2258 602 2321 permagna
616 2241 743 2320 praemia
760 2248 842 2314 sunt,
863 2248 908 2302 est
925 2258 1011 2302 causa
1026 2240 1174 2319 peccandi.
1197 2276 1230 2327 ῃ

117 2397 195 2458 mque
211 2392 265 2442 ao'ta
279 2391 358 2443 donar
373 2396 464 2444 auctor
479 2396 506 2443 in
522 2396 620 2458 renato,
674 2392 929 2456 den‚weunaucbder
938 2391 1176 2454 aweiteSatznega·

117 2459 186 2511 adm
197 2459 336 2511 tolerabilis
346 2465 472 2529 patronae
488 2475 533 2512 nae
545 2460 620 2512 rudia
673 2457 1179 2524 tivist‚boidaS'aitzeeingemeinnebultli·

116 2531 143 2580 io
163 2531 221 2579 a'nre
240 2527 308 2579 ciuili
327 2533 353 2578 at
372 2544 431 2580 cum
450 2531 546 2580 oirmta
566 2533 620 2578 uren
673 2527 862 2580 cbesPriidioat
873 2527 964 2593 baben,
977 2530 1028 2578 und
1039 2528 1124 2578 dienen
1135 2527 1176 2578 bai

116 2600 195 2648 etium
206 2597 264 2665 ipro
277 2599 401 2648 oratiam
410 2612 508 2662 genere
519 2596 591 2648 liber.
673 2597 729 2648 dem
743 2596 840 2648 letzten
856 2596 932 2648 Satze
950 2598 1029 2660 steht,
1050 2596 1099 2646 wie
1121 2595 1176 2646 bier

115 2665 619 2798 mablbognsoqblbmn‘bvbdidcbilgerzfeblltffi
672 2663 1074 2784 wffiepfflssnozcbbeffigin
1087 2728 1176 2782 Italian

115 2808 192 2852 unter
209 2801 422 2864 derBediugung,
444 2801 502 2851 dass
522 2802 562 2852 die
574 2801 621 2850 lla-
674 2807 749 2851 unter
765 2802 820 2850 dem
839 2799 934 2864 Numen
949 2801 975 2850 la
991 2815 1060 2850 mora
1078 2799 1175 2850 iiblicbe

115 2871 244 2936 banptung
262 2868 308 2918 der
322 2866 431 2932 liliigers
449 2869 541 2932 riebtig
560 2869 622 2919 oder
675 2868 744 2934 Spiel
755 2868 854 2918 bestebt
863 2869 942 2932 duria,
954 2869 1012 2919 dass
1022 2869 1094 2918 beide
1105 2867 1176 2933 Spio-
1214 2919 1219 2926 ,
1322 2875 1328 2887 ·

116 2938 186 2988 aeine
200 2937 279 2987 lalseb
291 2938 336 2988 seit
366 2937 418 2986 Der
429 2937 527 2987 Beweis
540 2937 621 2987 daven
674 2937 748 2988 lende
766 2937 880 3000 zugleieb
896 2937 952 2987 eine
969 2937 1066 2987 Anzabl
1081 2937 1176 3000 Finger

116 3004 247 3056 entscbied
259 3003 322 3056 daun
335 3006 382 3054 den
394 3003 509 3055 Process.
531 3004 576 3056 on
588 3005 622 3055 ist
674 3005 839 3056 ausstrecken
848 3005 897 3056 und
907 3006 963 3056 eine
973 3004 1038 3056 Zabl
1046 3003 1174 3057 ausrufea.

115 3073 195 3123 daber
208 3072 247 3122 die
266 3073 366 3139 sponsio
389 3075 507 3142 (sponsio
552 3077 622 3123 aein-
675 3072 785 3124 Wessen
804 3072 868 3124 Zabl
884 3073 923 3124 die
941 3072 1039 3124 Summe
1060 3074 1107 3124 der
1126 3088 1176 3122 von

116 3141 229 3205 dionae)
240 3141 352 3191 nurelne
361 3139 444 3206 Foru,
458 3142 504 3191 den
535 3155 621 3192 roceas
674 3142 766 3192 beiden
778 3141 984 3205 ausgestreckteu
997 3141 1091 3206 Finger
1103 3139 1175 3203 trinu,

117 3209 280 3260 einznleiten.
316 3209 385 3258 dlier
408 3209 466 3260 also·
484 3210 621 3276 verspraob
675 3208 1176 3273 derbatgewounen.Diolliimarwand-

116 3277 228 3328 Fimbria
240 3293 274 3328 zu
286 3277 383 3340 zallen,
395 3277 429 3326 im
443 3277 500 3328 nul
511 3293 566 3328 rnen
580 3278 620 3328 ilm
674 3285 717 3328 ten
729 3279 773 3328 das
786 3277 855 3343 Spiel
871 3278 934 3327 auch
950 3277 989 3327 als
1002 3278 1059 3326 elue
1071 3279 1120 3328 Art
1131 3278 1176 3326 das

117 3345 185 3396 nicbt
213 3345 252 3395 als
273 3344 431 3396 llbreumann
460 3346 629 3396 anerlrennen·
674 3345 788 3396 Loosens
801 3361 840 3408 au,
854 3361 877 3395 z.
891 3346 917 3394 B.
930 3344 995 3394 baim
1006 3342 1087 3407 liauf5
1100 3345 1124 3409 ξ.
1134 3343 1176 3394 90.

116 3413 213 3464 wiirde.
674 3411 1178 3481 Suetdug.30ale'orpatramatfibiem
1263 3433 1264 3438 ¹

150 3481 453 3548 adonem9irgeadeiner,
466 3482 620 3533 warasaucb
671 3497 721 3550 pro
744 3485 797 3532 cito
820 3485 943 3546 rogaretur
967 3481 1060 3532 sortiri
1083 3482 1176 3530 et‘nu'-

117 3549 172 3600 sain
188 3563 259 3613 mag,
281 3549 363 3600 wobei
379 3565 427 3600 von
445 3550 491 3600 der
508 3549 621 3616 Qualitiit
675 3565 735 3600 core
746 3550 868 3613 taraiasa,
887 3547 1048 3600 attollerem
1059 3547 1177 3600 corcedo-

116 3617 260 3682 abgesebeu
272 3617 345 3668 wind.
368 3615 390 3684 l,
405 3617 450 3682 11,
463 3617 494 3667 35
512 3618 622 3684 manum
674 3622 755 3670 retur.

116 3685 310 3755 rempublicam
320 3687 480 3738 bodonem.
498 3682 532 3736 lll
541 3684 620 3750 §.118
709 3686 778 3738 nullo
802 3684 946 3752 refallatur,
971 3686 1034 3735 ohne
1056 3685 1114 3736 dass
1134 3684 1176 3736 ibn

118 3753 300 3824 aliquomodo.
676 3755 779 3804 Jemand
792 3755 835 3804 des
848 3753 972 3806 Unrecbts
984 3751 1124 3803 iiberliiirrt.

150 3837 204 3874 nou
215 3819 439 3874 madescerent.-
457 3821 482 3888 ᾗ.
497 3822 537 3872 11.
711 3821 751 3872 78.
777 3819 846 3888 Gyffl
854 3821 902 3872 uu:
920 3838 941 3871 e.
955 3821 979 3871 9.

151 3907 205 3942 uon
215 3890 412 3956 madefacere:
429 3907 480 3942 non
491 3890 568 3941 modo
580 3889 624 3939 l'eir
711 3881 764 3940 20·
788 3890 830 3939 79.
857 3892 897 3940 At
919 3891 987 3940 oraim
1004 3887 1074 3940 l'dltrt
1090 3889 1179 3940 immor

119 3960 251 4012 nonarodo
261 3959 387 4012 uoukann
398 3974 446 4010 nur
456 3965 546 4023 sanast
557 3972 624 4008 war·
677 3958 726 4008 wie
745 3951 814 4008 tutat
829 3951 884 4026 γάρ
906 3958 980 4009 einen
996 3955 1114 4009 lliuvurd
1132 3957 1177 4007 deo

930 4039 980 4093 13*
