2734 4478
184 1387 278 1476 Quem
294 1403 329 1463 ad
345 1402 468 1462 modum
485 1400 579 1463 olfioiu
592 1403 767 1463 ducerentur
778 1402 814 1463 ab
827 1403 988 1474 honestate,
1003 1401 1098 1464 Meroe
1109 1402 1158 1476 fili,
1179 1409 1196 1469 1

86 1499 183 1570 atque
199 1488 234 1550 ab
253 1487 334 1548 omni
349 1505 457 1566 genere
470 1485 583 1547 virtutis
600 1487 671 1548 sutis
687 1487 860 1566 explicatum
876 1485 1002 1548 arbitror
1015 1486 1089 1547 libro
1106 1507 1157 1548 su·
1180 1503 1193 1552 1

88 1574 222 1657 periore.
250 1572 389 1654 Sequitur
404 1577 437 1632 ut
446 1571 517 1632 haee
529 1571 692 1633 officiorum
704 1591 811 1651 genera
823 1590 989 1653 persequar,
1004 1589 1078 1651 quae
1088 1591 1158 1652 per-

88 1662 192 1724 tinent
206 1659 242 1720 ad
257 1658 332 1720 ritae
348 1657 459 1720 uultum
475 1665 503 1718 et
518 1657 554 1717 ad
568 1675 670 1718 earum
684 1675 792 1730 rerum,
808 1657 913 1737 quibus
926 1664 1049 1719 utuntur
1059 1658 1158 1718 homi·

88 1765 159 1819 nes,
176 1745 351 1816 facultatem,
366 1743 403 1804 ad
418 1759 500 1820 epm,
516 1742 552 1804 ad
567 1741 682 1821 oopies:
702 1743 732 1802 in
749 1761 807 1822 quo
824 1751 888 1804 tum
903 1741 1001 1822 quaeri
1017 1742 1075 1802 dixi
1089 1743 1159 1822 quid

90 1829 180 1903 utile,
201 1829 271 1910 quid
290 1828 404 1902 inutile,
425 1834 487 1888 tum
503 1846 537 1888 ex
552 1826 670 1888 utilibus
686 1827 757 1906 quid
771 1827 870 1888 utilius
886 1827 1019 1912 autquid
1034 1828 1160 1888 maxime

90 1915 176 1978 utile,
206 1915 248 1976 lle
269 1912 374 1994 quibus
391 1912 485 1973 dicere
501 1911 661 1990 adgrediar,
683 1913 708 1973 si
723 1931 815 1992 pauca
828 1913 911 1991 prius
926 1912 963 1973 de
978 1912 1109 1974 instituto
1126 1932 1161 1974 ao

90 2003 132 2063 de
153 1998 263 2061 iudicio
283 2018 350 2060 meo
367 1997 477 2058 dixero,
509 1997 696 2077 Quamquam
710 1998 788 2058 enim
802 1997 869 2058 libri
883 1996 978 2059 nostri
994 1991 1159 2076 complures
1179 2013 1195 2064 2

90 2104 161 2147 non
182 2085 272 2145 modo
288 2085 323 2144 ad
343 2081 543 2163 legendiued
558 2081 697 2143 etiamad
712 2082 856 2144 scribendi
872 2083 1002 2145 studium
1019 2082 1159 2143 excitare-

90 2178 183 2244 runt,
202 2177 302 2230 tamen
317 2167 462 2229 interdum
478 2184 580 2227 vereor
594 2185 632 2227 ne
647 2167 824 2246 quibusdem
839 2167 926 2229 bonis
942 2166 1011 2228 viris
1026 2167 1160 2246 philoso-
1219 2217 1223 2222 .

90 2255 185 2336 phiue
205 2271 316 2314 nomen
337 2253 377 2314 sit
402 2252 527 2313 invisum
549 2250 750 2333 mirenturque
765 2253 796 2313 iu
815 2273 848 2314 ea
862 2260 977 2315 tantum
991 2271 1039 2312 me
1056 2271 1161 2332 operae

90 2351 125 2402 et
148 2337 292 2416 temporis
311 2354 430 2414 ponere.
464 2335 526 2414 Ego
545 2344 656 2410 autem,
677 2357 765 2416 quam
785 2338 835 2399 diu
850 2336 1026 2416 respublica
1042 2354 1160 2415 pereos

93 2421 265 2504 gerebatur,
280 2420 387 2500 quibus
402 2439 434 2480 se
447 2420 512 2499 ipsa
527 2422 722 2496 commiserat,
738 2440 842 2483 omnes
857 2441 938 2484 meas
954 2439 1037 2482 ouras
1050 2421 1160 2500 cogite-

93 2511 260 2584 tiouesque
286 2505 316 2564 iu
342 2523 405 2564 eum
432 2505 624 2567 conterebam.
666 2507 739 2570 Cum
770 2515 867 2568 autem
897 2507 1050 2592 dominatu
1070 2506 1182 2568 unius,

133 2651 166 2712 1·
182 2657 204 2708 1.
214 2657 388 2724 saevitatem:
399 2654 416 2721 l,
426 2655 449 2720 3,
460 2655 484 2706 9.
495 2655 548 2723 ll§.
557 2657 601 2706 15:
655 2661 700 2710 lut.
719 2659 756 2710 St.
770 2675 794 2724 p.
808 2659 840 2709 29
861 2659 992 2708 iibersetzt
1008 2657 1095 2724 ‚Wubl
1115 2659 1160 2708 des

93 2730 146 2780 der
161 2726 247 2777 Plurul
269 2725 332 2776 wird
349 2731 451 2774 eoneret
466 2725 603 2788 gebrauobt
657 2727 766 2781 Stoffes‘.
1064 2731 1068 2740 ’

93 2819 131 2840 ==
145 2796 184 2845 die
198 2793 288 2844 Mittel.
482 2827 487 2842 r
529 2819 537 2828 -
691 2793 715 2843 2.
746 2794 797 2843 nas
823 2791 977 2857 Protimium,
1005 2794 1085 2844 woriu
1107 2792 1159 2844 Cio.

132 2868 190 2916 tum
202 2879 236 2913 eu
253 2861 358 2912 oratioue
369 2878 404 2896 ¹-
414 2865 529 2912 mauu‘me
541 2861 604 2914 utile
658 2863 728 2912 seine
745 2860 962 2928 pbilosophisolren
976 2862 1079 2912 Studien
1098 2864 1160 2912 narb

94 2931 162 2982 fehlt
180 2931 204 2980 in
221 2931 268 2980 den
290 2929 396 2979 meister
413 2929 500 2992 lldsn,
522 2929 603 2980 woriu
658 2931 714 2981 dem
727 2929 887 2994 Untergange
900 2930 945 2980 der
957 2928 1081 2997 Republilr
1096 2929 1129 2996 (ξ.
1145 2931 1156 2980 1

97 3001 186 3050 iudess
203 2998 265 3048 noch
283 2998 338 3047 lein
359 2994 447 3047 Grund
463 2997 537 3061 liegt‚
556 2998 604 3048 deu
656 2997 721 3062 -6)
745 2998 794 3047 und
819 2998 889 3048 seine
913 2997 1029 3048 Methode
1055 2997 1158 3064 (ΜΓ.)

96 3081 196 3131 genuen
207 3065 268 3116 Sutz
277 3081 326 3116 von
335 3067 364 3114 in
376 3079 424 3130 qao
438 3069 492 3116 tam
503 3081 535 3115 uu
545 3080 604 3115 uua·
658 3065 829 3128 reebtlertigt,
849 3066 943 3116 stiunt
954 3067 1009 3115 deur
1023 3065 1160 3116 Gedaulren

97 3142 248 3195 zuatossen,
267 3134 314 3184 wie
327 3131 413 3196 Unger
424 3133 520 3183 wollte.
552 3133 604 3182 ller
657 3135 719 3184 nuoh
732 3149 795 3198 ganz
809 3133 911 3183 iiberein
923 3134 969 3184 mit
981 3134 1035 3183 dem
1048 3149 1104 3184 zuru
1117 3149 1160 3184 er-

98 3203 164 3252 aneh
178 3202 315 3267 spruohlieb
328 3216 391 3265 ganz
405 3201 602 3252 unbedeulrliehe
658 3209 714 3263 step
727 3201 809 3252 Buobe
828 3202 858 3251 de
871 3208 921 3251 nat.
935 3202 1005 3251 deor.
1030 3201 1069 3250 Ad
1081 3201 1159 3252 Attio.

98 3270 198 3320 Zusutz
210 3269 278 3333 giebt
290 3270 329 3319 die
341 3269 430 3318 beiden
443 3268 603 3334 Haupttbeile
659 3268 698 3318 16.
713 3268 728 3317 6
741 3276 797 3332 sagt
809 3269 859 3319 Cio.
877 3269 956 3320 labeo
973 3268 1089 3319 volumen
1098 3283 1161 3336 pro·

99 3339 148 3388 des
160 3337 240 3386 buolm
253 3351 292 3401 uu,
304 3337 343 3388 die
356 3351 407 3386 von
420 3353 442 3386 e.
457 3335 541 3388 3-24
552 3336 603 3386 und
658 3338 808 3388 omniorum.
845 3336 889 3388 Eu
912 3353 941 3387 eo
966 3336 1061 3404 eligere
1084 3336 1160 3401 soleo,

100 3422 123 3456 o.
137 3404 170 3454 25
189 3404 342 3470 besproeben
359 3405 470 3454 werden.
494 3403 533 3454 De
549 3406 603 3470 quei·
657 3421 715 3454 oum
727 3404 830 3468 aliquod
842 3399 1014 3475 σύγγραμμα
1025 3407 1134 3455 institui.

99 3475 149 3526 bus
178 3473 278 3524 beziebt
307 3472 358 3522 sieb
387 3473 443 3522 dem
468 3470 603 3523 Gedonlren
690 3471 875 3523 adscribendi:
886 3473 917 3522 de
931 3479 981 3522 uut.
994 3472 1063 3521 deor.
1077 3470 1094 3535 l,
1105 3472 1160 3534 4,8

99 3543 162 3592 naob
174 3540 221 3592 nul
230 3542 377 3608 officiorum
385 3555 491 3606 gerrem.
657 3557 735 3606 eoque
750 3555 792 3588 me
808 3543 894 3590 aarum
910 3541 1025 3590 instituti
1034 3542 1088 3590 mei
1096 3557 1160 3609 poo-

133 3610 165 3662 de
176 3613 296 3661 mediato
308 3624 338 3660 ao
349 3607 450 3671 iada‘cto,
463 3607 527 3658 iiber
538 3608 604 3658 mein
656 3613 730 3674 nitet,
755 3607 824 3674 quod
839 3607 924 3674 facile
941 3607 1059 3675 ortellego
1082 3625 1159 3675 quarn

100 3676 285 3729 Unternebureu
304 3678 354 3727 und
372 3677 411 3728 die
424 3676 541 3740 dudlebi,
559 3676 604 3727 der
657 3677 798 3729 multorum
814 3692 866 3728 oon
882 3674 958 3728 ruodo
978 3676 1092 3728 diruenda·
1114 3675 1161 3726 sed

28 3789 31 3799 ,
100 3745 139 3794 iob
152 3745 228 3810 lolge.
252 3744 374 3796 iudicium
385 3744 486 3796 bezieltt
498 3744 549 3794 sloh
561 3743 607 3794 uui
658 3749 734 3796 etiam
743 3746 871 3797 sorbenda·
878 3745 965 3796 studea
973 3748 1159 3796 commouere-'rm

102 3811 140 3862 die
169 3813 379 3877 Reobtlertiguug
404 3815 449 3864 des
478 3813 604 3863 ulrademi-
693 3810 957 3877 oratoriolum.

102 3883 175 3933 seben
189 3872 378 3948 Standpunktes
391 3880 415 3947 ᾖ.
426 3879 464 3930 ll.
483 3879 602 3943 Nigelob.
690 3880 867 3951 philosophiae
878 3880 1035 3948 noarmolll,
1049 3881 1089 3948 28,
1104 3883 1161 3934 101.
