2788 4486
210 278 269 338 144
560 341 562 352 ‚
635 255 679 328 ou
695 273 834 328 osricus

206 430 284 504 bont,
295 437 345 492 aut
355 447 418 504 eos,
431 446 505 530 quos
517 446 580 492 non
590 430 721 511 expedit:
736 431 762 492 si
772 426 985 508 imprudentes,
998 403 1197 506 neglegentiae
1208 437 1262 502 est,

206 513 231 576 si
243 516 378 591 seientes,
393 515 570 578 temeritatis,
600 516 748 580 Utendum
762 514 850 578 etiam
865 521 910 576 est
924 512 1110 576 excusatione
1124 513 1264 576 adversus

206 620 271 676 eos,
293 620 369 681 quos
383 601 490 664 invitus
506 603 650 677 offendas,
669 619 854 683 quacumque
867 599 982 680 possis,
1003 617 1063 678 qua·
1074 617 1107 660 re
1120 598 1164 674 id,
1183 601 1262 679 quod

204 687 324 762 seueris,
339 705 459 750 neeesse
473 687 561 749 fuerit
574 706 630 749 nee
644 689 726 751 aliter
740 689 834 750 faeere
848 685 993 766 potueris,
1012 684 1176 766 ceterisque
1191 705 1264 767 ope-

203 771 245 834 ris
260 780 289 834 et
303 773 406 836 oifioiis
423 773 476 834 erit
490 773 528 847 io,
544 774 624 853 quod
638 774 776 836 violatum
791 780 846 846 est,‘
861 771 1126 856 compensandum.

144 860 186 919 20
290 858 346 920 Sed
373 877 440 920 oum
465 858 496 920 in
520 859 691 921 hominibus
716 857 848 921 iurandis
870 863 920 919 aut
942 876 1043 920 mores
1063 857 1189 937 spectari
1214 866 1264 920 aut

152 953 184 1003 69
205 945 321 1005 fortuna
337 944 435 1017 soleat,
454 943 532 1006 dictu
546 944 665 1024 quidem
680 953 725 1006 est
739 944 867 1024 prodire
881 943 978 1023 itaque
992 943 1077 1022 vulgo
1092 944 1263 1024 loquuntur,

205 1047 238 1090 se
252 1029 283 1090 in
296 1028 443 1090 benefieiis
455 1030 632 1092 collocandis
643 1049 743 1092 mores
754 1029 918 1103 hominum,
933 1046 996 1092 non
1008 1030 1155 1092 fortunam
1168 1029 1260 1109 sequi.

203 1114 334 1177 Honesta
356 1114 448 1176 oratio
474 1122 526 1176 est.
563 1115 620 1177 Sed
642 1117 708 1196 quis
724 1127 768 1178 est
787 1115 902 1177 tandem
924 1115 974 1195 qni
992 1113 1090 1194 inopis
1111 1123 1139 1176 et
1159 1114 1263 1193 optimi

204 1199 257 1260 viri
280 1219 383 1262 causae
401 1217 462 1262 non
482 1208 639 1280 anteponat
658 1201 689 1263 in
710 1221 798 1282 opera
818 1200 912 1262 danda
933 1200 1055 1279 gratiam
1073 1199 1212 1262 fortunati
1234 1209 1263 1260 et

204 1283 355 1362 potentis?
390 1285 413 1346 Α
438 1304 496 1366 quo
516 1286 595 1346 enim
616 1287 776 1366 expeditior
796 1295 824 1348 et
844 1285 965 1350 celerior
983 1285 1178 1347 remuneratio
1198 1287 1262 1346 fore

203 1369 330 1444 videtur,
352 1369 383 1430 in
403 1389 470 1432 eum
491 1371 550 1433 iere
570 1380 615 1432 est
636 1373 768 1435 voluntas
791 1380 892 1434 nostra
907 1370 1094 1452 propensior.
1125 1371 1182 1432 Sed
1198 1369 1263 1434 ani—
1290 1369 1294 1378 ’
1381 1407 1382 1416 1

203 1455 441 1518 madvertendum
460 1465 507 1518 est
525 1456 691 1535 diligentius
711 1477 785 1540 quae
804 1463 906 1519 natura
926 1476 1025 1518 rerum
1041 1456 1086 1518 sit.
1117 1456 1263 1519 Nimirum

203 1540 281 1601 enim
303 1539 389 1620 inops
408 1541 469 1613 ille,
491 1541 516 1602 si
535 1543 633 1604 bouus
652 1552 696 1623 est
714 1544 772 1618 vir,
793 1543 880 1606 etiam
900 1543 927 1604 si
941 1544 1049 1604 referre
1064 1542 1186 1621 gratiam
1201 1559 1263 1602 non

203 1632 313 1705 potest,
333 1625 441 1687 habere
460 1634 538 1688 certe
556 1635 662 1707 potest.
698 1629 859 1691 Commode
878 1636 975 1689 autem
995 1627 1173 1710 quicumque
1193 1627 1264 1689 dixit

202 1711 364 1789 ‘pecuniam
380 1711 430 1790 qni
444 1712 548 1774 habeat
561 1731 623 1774 non
637 1714 809 1789 reddidisse,
826 1713 875 1794 qui
890 1713 1048 1776 reddiderit
1062 1731 1125 1775 nou
1139 1713 1261 1774 habere:

175 1839 180 1846 -
203 1797 325 1874 gratiam
345 1804 441 1857 autern
462 1805 489 1858 et
510 1798 560 1878 qui
580 1801 720 1874 retuderit
739 1801 846 1862 hahere
866 1808 894 1860 et
915 1799 964 1879 qui
980 1799 1083 1861 habeat
1097 1799 1262 1860 rettulisse?

201 1882 247 1956 Aa,
263 1882 312 1962 qui
328 1901 360 1942 se
374 1883 544 1961 locupletes,
557 1884 728 1960 honoratos,
744 1885 844 1948 beatos
857 1892 969 1964 putant,
984 1885 1004 1946 ii
1015 1903 1052 1946 ne
1065 1884 1185 1963 obligari
1196 1885 1263 1964 qui-

203 1968 269 2028 dem
281 1967 423 2034 beneficio
435 1966 550 2029 volunt:
567 1970 637 2048 quin
653 1971 740 2032 etiam
755 1970 977 2032 beneficium‘se
992 1969 1107 2032 dedisse
1118 1969 1262 2032 arbitran-

202 2062 263 2125 tur,
285 2070 351 2113 oum
373 2052 430 2131 ipsi
450 2053 580 2132 quamvis
601 2074 741 2134 magnum
757 2055 872 2136 aliquod
885 2055 1060 2136 acceperint,
1078 2062 1164 2136 atque
1176 2056 1261 2118 etiam

116 2139 126 2218 ᾗ
203 2158 219 2200 a
239 2157 271 2198 se
289 2144 340 2199 aut
354 2137 496 2216 postulari
517 2145 565 2199 aut
585 2141 730 2220 expectari
749 2142 855 2222 aliquid
877 2141 1075 2220 suspicantur,
1096 2141 1260 2222 patrocinio

150 2235 181 2285 το
203 2242 271 2286 vero
289 2241 320 2284 se
335 2241 408 2284 usos
425 2231 473 2284 aut
489 2223 605 2286 clientes
622 2227 760 2306 appellari
775 2227 878 2290 mortis
895 2226 987 2290 instar
1001 2235 1113 2307 putant.
1139 2228 1177 2290 At
1191 2246 1260 2289 vero

202 2309 247 2370 ille
262 2308 367 2383 mauis,
385 2328 461 2384 eum,
472 2310 612 2390 quidquid
628 2313 735 2376 iactum
748 2313 797 2388 sit
810 2333 842 2376 se
853 2320 1025 2394 spectatum,
1041 2331 1102 2374 non
1114 2315 1261 2376 fortunam

171 2462 175 2467 ,
202 2402 298 2474 putat,
318 2411 382 2456 non
400 2396 490 2456 modo
510 2395 561 2471 illi,
582 2397 630 2475 qui
651 2406 696 2461 est
710 2399 846 2473 meritus,
868 2399 1021 2464 sedetiam
1036 2399 1104 2475 illis,
1124 2398 1261 2479 aquibus

238 2579 278 2630 68.
296 2581 331 2644 id,
344 2581 412 2646 qnod
421 2580 543 2631 uiolatum
557 2586 601 2645 eet,
614 2584 638 2632 d.
650 2583 668 2632 i.
681 2585 706 2634 in
725 2631 729 2638 ,
761 2585 803 2634 bet
812 2587 839 2636 in
851 2599 880 2634 eo
892 2587 955 2702 q'pso,
968 2584 1036 2651 qnod
1046 2586 1129 2653 aanor,
1141 2587 1234 2652 refert.

202 2649 351 2781 qqosqququq
363 2655 470 2781 sgng’aza:
481 2647 707 2784 lqltlrgeadeldellgiaffgt
760 2653 912 2778 tuabisst'a‘iseh,
926 2734 954 2768 es
963 2719 1083 2769 bedeutot
1092 2721 1146 2785 ,mit
1156 2721 1264 2770 Giiieks·

201 2800 252 2836 non
265 2790 318 2836 tum
328 2801 358 2836 re
369 2802 446 2852 quom
455 2789 597 2856 suspicione
606 2786 705 2851 uiolata,
758 2786 848 2849 giiteru
862 2788 1003 2849 gesegoet‘.

202 2868 233 2904 ea
244 2857 296 2904 εἰπέ
306 2853 392 2905 ‹ea-ulra
403 2871 438 2904 ee·
451 2857 657 2906 omniaomnia
668 2858 705 2905 rt·
791 2853 926 2921 postulari.
943 2852 971 2903 lu
978 2854 1036 2902 deur
1045 2852 1177 2904 Gesehenk
1186 2855 1264 2902 sehon

245 2939 278 2973 ne
288 2925 386 2973 nostra.
760 2922 797 2972 sie
809 2922 886 2971 sehon
899 2921 938 2972 die
946 2921 1094 2983 Forderuug
1105 2917 1150 2971 aui
1156 2919 1265 2984 Vergel-

258 2980 289 3040 0.
307 2989 347 3040 69.
380 3005 429 3055 ore,
443 2989 562 3050 zameist;
580 2991 611 3039 de
625 3005 662 3038 or.
674 2989 705 3053 ΙΙ,
741 2997 820 3056 ,ιιιιις
840 2990 1004 3055 augmentet,
1025 2991 1088 3040 anah
1106 3003 1179 3042 werra
1194 2988 1264 3039 dieue

203 3057 305 3126 33,142
326 3059 350 3108 ι’
366 3074 395 3109 eo
416 3059 484 3107 enim
503 3059 531 3108 iu
553 3055 657 3108 Catonis
680 3062 707 3108 et
760 3057 828 3108 nieht
837 3057 917 3121 gleioh
926 3057 1129 3124 ausgesprooiren
1138 3055 1210 3121 wird,
1221 3058 1266 3107 da·

201 3127 279 3178 Brnta'
294 3125 365 3177 dores
377 3125 597 3190 nominatimsera
606 3127 707 3191 reserat
760 3125 848 3192 derisi
857 3125 1021 3176 derlnfinitiv
1030 3127 1075 3176 das
1084 3125 1209 3176 Praesens
1219 3140 1264 3188 ge-

182 3195 263 3262 'qnid
278 3194 356 3244 odoni
370 3193 535 3245 deerevere
547 3193 708 3245 autmula‘eri
760 3199 834 3244 setzt.
1250 3243 1256 3250 N

116 3279 126 3296 ·
202 3262 387 3332 responderent.
401 3261 706 3313 Ebensoinderltedens·
792 3277 866 3314 aero.-
891 3263 930 3313 die
951 3269 1025 3314 erote
1049 3261 1201 3328 Steigeruug
1220 3279 1264 3327 ge-

201 3338 243 3383 art
252 3336 282 3382 ut
290 3331 404 3396 forestu·
420 3328 530 3394 l,18‚nl
543 3333 706 3397 omniafere
759 3331 856 3382 audient
872 3331 918 3382 mit
932 3332 994 3397 quin
1011 3334 1099 3396 enom,
1120 3332 1160 3382 dio
1174 3333 1264 3383 zweite

201 3399 326 3480 militari.¹
418 3467 423 3480 .
759 3399 1035 3466 nitetqueetiom‚die
1048 3400 1264 3460 drittemitoero5

203 3481 421 3586 mffiffamiffinaffi
432 3466 707 3602 aessssffpalffinflffl
760 3467 1189 3604 ⁵·{Zdrffiiidffai‘‘diffidat
1209 3536 1264 3588 aros

203 3608 265 3656 nona
280 3605 383 3668 tabere,
405 3605 453 3655 den
469 3603 540 3654 Dani
559 3605 592 3654 im
608 3604 705 3654 Herzeu
760 3605 806 3655 der
822 3604 939 3656 Baistnnd
958 3604 1137 3668 varnerium,
1156 3605 1263 3654 eundern

202 3673 326 3725 behalten.
343 3687 389 3738 pro
399 3671 483 3722 Plano.
495 3670 534 3738 28,
544 3671 576 3722 68
589 3671 657 3724 Nam
665 3675 709 3739 qui
760 3673 892 3736 allgemein
920 3674 966 3724 dor
989 3673 1090 3724 Sohutz.
1125 3670 1264 3733 Uebrigens

200 3745 334 3811 paeoniam
350 3740 477 3805 ἀίεεοὶιτῒ,
494 3743 583 3792 atatim
593 3757 645 3792 aon
660 3741 706 3792 da-
761 3741 837 3806 hiiagt
849 3758 877 3792 re
888 3758 951 3794 naor
963 3741 1142 3794 ebansallevou
1152 3737 1264 3806 appada-

204 3811 288 3876 dettd,
302 3809 706 3877 quodreddididquinntamde·
760 3809 835 3860 adab.

163 3927 173 3946 ,
203 3882 253 3943 det,
274 3895 319 3929 aar
339 3881 435 3930 retieret
451 3878 577 3941 alienum·
592 3880 708 3946 gratiam
796 3877 836 3928 70.
855 3893 956 3930 eum-
963 3881 1053 3948 putot:
1074 3874 1175 3928 eueniet
1187 3890 1266 3942 quaa-

203 3951 290 3999 autem
301 3951 328 3997 at
338 3950 382 4013 qua*
391 3949 478 4013 rqsart
487 3947 563 3998 dotet
574 3952 600 3998 et
610 3947 706 4013 an'du·
761 3946 792 3996 do
811 3945 920 4012 quidem,
938 3939 1037 4011 ἐπειδή
1051 3959 1114 4012 περ.
1143 3941 1192 4008 itit
1209 3944 1265 3994 den

905 2659 960 2702 aaut
971 2653 1081 2720 loeuplar
1092 2655 1141 2704 und
1153 2655 1264 2704 nmmo-
