2718 4484
182 1447 321 1526 Publium
337 1461 519 1543 Scipionem,
537 1463 631 1524 Marce
646 1462 700 1535 fili,
716 1481 797 1537 eum,
812 1462 861 1543 qui
876 1462 989 1541 primus
1003 1461 1157 1526 Africanus
1179 1465 1195 1526 1

84 1549 260 1629 appellatus
287 1547 338 1621 sit,
365 1548 460 1608 dicere
486 1547 605 1608 solitum
627 1547 745 1630 scripsit
764 1548 849 1621 Cato,
875 1547 924 1627 qui
944 1547 998 1608 init
1016 1546 1079 1608 eius
1097 1547 1157 1607 iere
1180 1560 1192 1609 1

85 1634 239 1714 aequalis,
256 1639 426 1713 ‘numquam
443 1632 587 1696 seminus
608 1633 736 1694 otiosum
755 1653 820 1694 esse
841 1651 930 1711 quam
950 1651 1016 1694 cum
1037 1632 1159 1708 otiosus,

85 1739 147 1782 nec
169 1719 272 1780 minus
287 1719 399 1792 solum,
421 1719 509 1798 quam
529 1737 596 1780 cum
616 1719 696 1780 solus
716 1717 812 1779 esset.‘
842 1717 992 1796 Magnifica
1012 1736 1081 1778 vero
1102 1736 1159 1778 vox

87 1815 119 1868 et
139 1804 254 1884 magno
275 1803 336 1864 viro
358 1823 392 1866 ao
412 1803 664 1882 sapientedigna:
686 1822 759 1882 quae
775 1803 899 1864 declarat
913 1802 994 1864 illum
1009 1810 1038 1862 et
1051 1800 1081 1863 in
1098 1802 1157 1862 otio

88 1891 128 1952 de
138 1889 269 1969 negotiis
282 1889 409 1968 cogitare
425 1889 494 1950 etin
507 1888 663 1949 solitudine
676 1908 775 1950 secum
786 1887 867 1968 loqui
880 1886 1010 1960 solitum,
1022 1894 1055 1948 ut
1065 1905 1158 1967 neque

88 1985 227 2038 cessaret
239 1993 381 2054 umquam
396 1982 425 2034 et
439 1973 583 2034 interdum
600 1974 747 2053 colloquio
761 1973 878 2035 alterius
894 1990 956 2035 non
971 1979 1074 2051 egeret.
1101 1973 1158 2032 ita-

88 2080 150 2140 que
175 2061 249 2122 duae
268 2079 330 2132 res,
349 2078 424 2140 quae
439 2059 608 2138 languorem
625 2060 758 2120 adserunt
774 2058 890 2132 ceteris,
911 2059 991 2119 ilium
1007 2057 1157 2141 acuebant

89 2147 191 2207 otium
216 2152 245 2205 et
265 2145 402 2205 solitudo.
437 2143 547 2205 Vellem
567 2143 653 2204 nobis
674 2145 731 2206 boo
750 2144 827 2205 idem
847 2162 915 2204 vere
935 2143 1030 2204 dicere
1049 2142 1156 2214 liceret,

90 2231 147 2292 sed
177 2230 203 2290 si
229 2230 328 2290 minus
351 2229 512 2290 imitatione
532 2236 643 2290 tantam
662 2229 768 2308 ingenii
789 2228 997 2307 praestantiam
1018 2226 1158 2306 consequi

90 2333 273 2394 possumus,
288 2315 435 2376 voluntate
451 2321 527 2374 certe
542 2314 675 2393 proxime
688 2313 864 2376 accedimus.
890 2313 964 2373 Nam
980 2319 1085 2372 ctare
1100 2330 1157 2390 pu-

89 2399 176 2460 blica
195 2398 417 2478 forensibusque
436 2399 561 2478 negotiis
582 2399 671 2461 armis
692 2399 790 2478 impiis
812 2398 898 2477 vique
911 2395 1048 2477 prohibiti
1065 2397 1156 2458 otium

21 2487 25 2499 '
91 2482 306 2563 persequimur
331 2491 359 2544 et
383 2485 421 2544 ob
446 2504 510 2548 eam
537 2504 655 2546 oausam
674 2483 746 2545 urbe
765 2483 862 2565 reiipta
881 2501 950 2544 rura
969 2488 1156 2561 peragrantes

92 2587 188 2647 saepe
203 2567 259 2628 soli
274 2587 386 2629 sumus.
412 2569 468 2630 Sed
484 2588 539 2631 nec
553 2571 611 2630 boc
626 2549 798 2632 otium³⁴cdbr
809 2565 936 2629 Africani
948 2568 1008 2628 otio
1020 2563 1205 2670 ueqbaecffi

92 2653 228 2715 solitudo
256 2653 350 2750 cumqi
407 2673 429 2737 c
443 2655 601 2749 rqparanda
621 2663 675 2715 est.
710 2654 759 2715 lile
779 2654 856 2714 enim
875 2653 1060 2732 requiescens
1081 2672 1096 2713 a
1115 2671 1161 2725 rer
1189 2654 1193 2662 '
1236 2712 1252 2731 ,s

92 2738 231 2818 publicae
249 2737 340 2856 pulch

93 2833 123 2885 et
138 2844 155 2884 e
171 2807 260 2885 bbbb'd
271 2797 431 2886 bbminum
445 2807 662 2907 irbifire'ntiaque
676 2825 824 2886 interdum
839 2810 985 2902 tamquam
996 2822 1057 2968 iqnp

1006 2926 1023 2995 S

358 2725 647 2836 riiius‘mqqeribus
668 2739 759 2800 otium
781 2738 835 2798 sibi
855 2737 989 2821 sumebat
1002 2728 1156 2816 aliqnando
1186 2739 1189 2749 “

1060 2831 1157 2900 ortum

94 2927 126 2968 se
142 2909 175 2969 in
190 2909 381 2971 solitudinem
395 2894 559 2990 rebipiebat.
589 2909 663 2970 Nost
680 2929 699 2970 u
747 2908 951 2983 autemmtinm
967 2926 1004 2978 ne
1030 2892 1157 2995 *bifido

95 2993 248 3088 pia,luon
273 2995 474 3074 requiescendi
499 2995 596 3056 studio
621 2928 816 3057 coiidnbbiir'ri
826 2981 889 3054 'ebt
923 2969 1157 3054 nidndi'enim

132 3153 163 3212 l·
183 3163 206 3212 l.
224 3166 306 3229 qui-
319 3163 461 3232 appellatos
470 3167 512 3214 ait.
526 3164 602 3215 Zwar
689 3165 736 3216 boe
747 3165 814 3215 idem
825 3178 884 3214 vore
895 3163 977 3214 dicore
988 3162 1082 3226 uenat,
1100 3162 1158 3213 das·

97 3227 164 3279 kann
176 3231 261 3280 dieser
272 3231 369 3281 Zusutz
387 3233 455 3292 nieht
466 3233 600 3296 eigentlicb
656 3234 725 3282 selbe
742 3233 787 3283 mit
802 3231 885 3282 voller
897 3231 1031 3282 Wabrhcit
1047 3230 1156 3296 behaup-

95 3298 189 3348 auden
202 3297 313 3349 Wcrteu
326 3299 537 3364 Catosgebdren,
556 3299 602 3350 der
655 3307 706 3351 ten.
743 3298 846 3365 Vgl.·§.
862 3299 893 3348 13
915 3301 1062 3365 honestum,
1090 3298 1158 3365 quod
1204 3331 1214 3337 -

96 3361 249 3430 Coujunctiv
262 3368 296 3418 ist
306 3367 361 3417 also
375 3367 431 3434 eine
443 3367 600 3432 Ungenauig·
653 3370 878 3436 proponeremque
889 3367 991 3419 dicitur.

96 3430 161 3483 keit:
191 3435 255 3484 doeh
278 3433 362 3484 lieben
384 3435 423 3485 die
443 3434 537 3496 Rdmer
556 3437 601 3486 der
689 3437 873 3503 ammaimpir'a,
885 3437 930 3486 des
942 3434 1074 3486 Antonius.
1097 3434 1120 3500 §.
1131 3434 1155 3484 2.

97 3497 334 3566 Gleiebidrmigkeit
346 3517 435 3566 wegen
448 3503 473 3552 in
487 3504 531 3552 der
543 3519 601 3554 ora-
689 3505 752 3554 urbe
764 3503 866 3555 relicta.-
890 3519 910 3552 s.
920 3503 986 3554 Einl.

33 3593 42 3599 ν
95 3567 131 3617 tio
145 3568 246 3636 obliqua
263 3571 312 3620 don
329 3570 479 3635 Conjunctiv
497 3573 559 3621 aucb
576 3573 600 3621 in
690 3571 713 3621 2.
741 3573 900 3638 requiescens
921 3573 988 3622 arei
1024 3572 1156 3636 munan-

97 3634 143 3684 deu
159 3637 291 3702 Aussagen
313 3655 345 3688 zu
362 3647 462 3703 semen,
486 3638 526 3690 die
548 3639 600 3689 siob
655 3643 710 3704 brea,
727 3657 776 3692 von
788 3640 833 3689 dor
844 3639 992 3706 politiseheu
1003 3587 1155 3703 bndtigkeie

97 3704 256 3770 unubbiingig
280 3722 329 3756 von
353 3707 408 3756 dom
432 3705 535 3757 Donben
557 3707 601 3758 des
654 3736 689 3746 -
702 3709 753 3758 Das
771 3707 881 3759 Verbum
898 3707 961 3758 wird
977 3709 1040 3758 auch
1060 3709 1105 3758 mit
1121 3725 1156 3760 ea·

99 3769 198 3825 dudem
211 3773 352 3824 darstellcn
366 3775 467 3825 liessen.
654 3776 704 3826 und
724 3777 768 3826 mit
789 3777 844 3826 dem
859 3776 960 3828 blosseu
976 3775 1078 3826 Abiativ
1097 3791 1156 3828 ver-

131 3842 187 3894 oius
196 3844 264 3910 sere
281 3841 402 3908 aequalis.
432 3842 493 3892 Cato
506 3841 601 3908 beglei·
655 3843 761 3895 bunden.

99 3911 148 3960 tete
158 3910 208 3962 550
221 3910 292 3974 (204)
302 3909 473 3976 alsQuaestor
482 3911 529 3960 den
538 3909 600 3961 Pro·
689 3915 801 3964 canneto
821 3917 912 3964 senato
932 3911 1069 3979 deletisque
1089 3913 1156 3965 iudi-
1178 3905 1187 3914 ³

100 3979 182 4028 consui
195 3979 282 4045 Scipio
296 3978 358 4029 nach
370 3976 481 4030 Sicilien.
655 3983 709 4032 aiis.
734 3979 857 4032 Antonius
874 3982 942 4031 batte
959 3981 998 4032 die
1015 3981 1089 4032 Curia
1105 3997 1154 4033 von
