2718 4484
183 272 246 334 210
612 269 655 320 DE
673 267 811 322 omens

183 425 241 498 on
255 425 303 485 rm
316 387 689 503 animumanimum,
707 424 733 485 n
748 423 854 486 noem
869 425 969 498 aaa,
992 432 1110 506 ‘quam
1125 427 1163 492 in
1178 429 1246 494 ca-

181 510 312 590 pitolio
330 510 482 570 vicinam
496 509 593 570 lovis
613 509 742 588 optimi
763 509 924 583 maximi',
943 511 1021 574 utin
1036 511 1159 574 Catonis
1175 533 1246 576 ora·

115 604 163 656 1⁰5
181 594 264 656 tione
277 601 332 666 est,
348 594 487 656 ‘indures
500 596 595 656 nostri
609 614 675 656 esse
689 595 862 656 votuerunt'
875 629 918 640 --
932 597 987 656 ‘At
1001 597 1081 658 enim
1095 615 1136 658 ne
1152 599 1246 660 iratus

183 679 300 761 quidm
319 680 450 759 iuppiter
473 681 540 758 plus
559 681 670 762 Regulo
695 681 847 742 nocuisset
872 700 960 760 quam
980 681 1035 744 sibi
1055 684 1160 746 nocuit
1181 685 1247 763 ipse

182 765 329 844 Regulus!
358 766 451 836 Certe,
468 766 493 826 si
508 765 579 830 nihii
593 767 702 828 indum
717 774 797 826 esset
811 766 870 828 nisi
884 766 990 830 dolere.
1019 767 1051 828 ld
1066 777 1168 830 autem
1183 788 1247 832 non

181 851 273 912 modo
288 869 349 912 non
365 869 515 912 summum
529 851 651 924 malum,
666 852 719 912 sed
733 869 772 912 ne
786 851 897 914 muium
909 852 1026 931 quidem
1035 871 1104 914 esso
1115 855 1247 918 maxima

182 936 353 997 audoritate
379 936 549 1015 philosophi
568 937 723 997 affirmant.
763 936 896 1008 Quorum
917 938 1033 1016 quidem
1053 946 1163 1000 testem
1182 959 1246 1002 non

183 1021 374 1092 mediocrem,
404 1021 456 1080 sed
485 1022 564 1082 haud
590 1021 652 1084 strio
678 1039 716 1084 an
740 1021 944 1100 gravissimum
970 1021 1124 1102 Regulum·
1142 1026 1244 1100 nolite,

183 1125 307 1185 quaeso,
327 1107 499 1184 vituperare.
533 1107 628 1180 Onon
642 1107 722 1168 enirn
734 1105 956 1185 lourpletiorem
970 1108 1139 1187 quaerimus
1155 1129 1245 1189 quam

182 1192 345 1271 principem
366 1191 468 1271 populi
483 1191 624 1263 Romani,
644 1192 693 1272 qni
713 1192 859 1253 retinendi
878 1193 964 1253 officii
980 1213 1068 1254 cansa
1082 1196 1245 1258 cruciatum

182 1275 302 1338 subierit
322 1273 542 1338 voluntarium?
572 1275 645 1338 Nam
666 1277 745 1357 quod
765 1277 859 1350 aiunt,
880 1277 1015 1340 ‘minima
1034 1279 1071 1340 de
1085 1279 1196 1352 matis',
1216 1283 1245 1342 id

182 1370 237 1434 est,
253 1369 285 1423 ut
300 1361 423 1440 turpiter
437 1361 537 1440 potius
552 1380 638 1442 quam
655 1361 836 1424 calamitose:
849 1381 887 1424 an
902 1371 949 1424 est
963 1363 1054 1426 ullum
1067 1365 1166 1426 maius
1178 1386 1245 1428 ma-

182 1447 244 1508 lum
264 1444 469 1526 turpitudine?
491 1465 565 1528 quae
584 1447 611 1508 si
628 1449 659 1508 in
679 1447 862 1508 deformitate
881 1449 1016 1528 corporis
1029 1449 1121 1524 habet
1134 1452 1246 1532 aliquid

182 1532 369 1604 offensionis,
393 1540 502 1612 quanta
527 1532 574 1594 illa
599 1532 765 1614 depravatio
787 1541 816 1594 et
834 1533 957 1596 foeditas
976 1535 1247 1614 turpificatianimi

114 1631 162 1682 too
182 1616 268 1678 debet
283 1617 387 1679 videri!
417 1617 517 1698 ltaque
533 1619 686 1680 nervosius
702 1618 751 1696 qui
766 1617 821 1680 ista
835 1619 984 1680 disserunt
1003 1621 1120 1682 solum
1136 1623 1247 1686 audent

181 1702 307 1764 malum
328 1703 423 1764 dicere
443 1703 490 1776 id,
516 1703 608 1784 quod
628 1711 731 1784 turpe
751 1703 812 1775 sit,
837 1703 887 1784 qui
906 1715 1004 1766 autem
1024 1705 1193 1783 remissius,
1213 1709 1247 1770 hi

183 1796 357 1850 tamennon
374 1787 508 1850 dubitant
528 1808 699 1850 summum
720 1788 846 1851 malum
864 1789 967 1852 dicore.
997 1789 1074 1854 Nam
1088 1791 1160 1856 illud
1176 1793 1246 1874 qui-

181 1874 263 1946 dem,
669 1871 676 1879 ’

283 1974 380 2056 Ne'pue
395 1977 461 2040 dedi
473 1997 562 2059 oeque
577 1977 614 2038 do
629 1974 741 2056 infideli
753 1980 901 2056 domuum,

182 2078 290 2139 ideireo
310 2087 389 2139 reete
407 2099 423 2139 a
442 2086 544 2159 poeta,
566 2079 647 2159 quia,
673 2096 740 2139 cum
761 2084 931 2140 nanumun
951 2079 1072 2156 Atreus,
1095 2101 1243 2162 personae

182 2163 367 2225 serviendum
382 2164 445 2226 tuit.
474 2166 532 2226 Sed
547 2165 572 2225 si
586 2165 645 2224 hoo
659 2163 715 2224 sibi
726 2155 852 2238 sument,
867 2165 976 2226 nnllam
988 2186 1058 2229 esse
1069 2169 1151 2230 tidem
1162 2188 1239 2247 quae

114 2258 161 2307 tot
181 2249 289 2311 infideli
305 2249 371 2311 data
385 2250 433 2324 sit,
446 2251 561 2314 videant
575 2267 614 2312 ne
624 2255 780 2328 pretatur
790 2248 899 2313 latebra
909 2251 1049 2331 periurio.
1079 2254 1235 2316 dstantem

181 2437 296 2504 Ipsarum
312 2433 366 2498 (sit.
382 2435 437 2487 tort.
450 2433 509 2501 XV,
522 2438 574 2501 97),
588 2437 627 2487 die
641 2435 685 2486 Fi·
738 2436 820 2486 attera
837 2437 899 2487 Cato
915 2439 1025 2502 gemeint
1042 2441 1093 2505 sei,
1111 2441 1177 2492 liisst
1188 2442 1244 2494 sieta

181 2505 227 2556 des
243 2505 295 2554 wol
311 2505 356 2555 mit
370 2506 426 2555 dem
439 2505 575 2556 Gedanken
587 2521 618 2555 an
631 2505 685 2554 ihre
739 2504 806 2555 nieht
818 2521 903 2569 engen.

181 2573 458 2637 Attgegenwtrttgteit.
775 2573 830 2623 105.
848 2591 899 2624 non
913 2575 989 2626 modo
1002 2592 1061 2627 aton.
1086 2577 1137 2628 Das
1150 2579 1246 2629 aweito

214 2639 405 2691 dasiumdam
414 2639 487 2705 loo,
500 2641 546 2690 der
555 2641 610 2703 idid,
623 2641 686 2691 iiber
738 2656 770 2689 zu
792 2657 844 2692 non
866 2642 941 2694 modo
962 2645 1080 2708 gehdrige
1100 2659 1153 2696 non
1173 2661 1247 2698 musa

181 2711 229 2759 den
241 2703 311 2763 Ζεὺς
323 2701 417 2774 ὅρκιος
428 2710 518 2760 wacht.
703 2731 715 2757 t
738 2708 806 2759 nieht
817 2711 978 2775 nothwendig
989 2711 1079 2774 fehleu,
1093 2727 1170 2762 wenn
1180 2717 1248 2765 auch

214 2779 303 2842 agitur,
318 2777 340 2826 d.
353 2778 385 2838 6.,
397 2778 429 2826 du
440 2779 486 2827 der
497 2777 563 2828 Vens
575 2779 620 2828 des
633 2777 685 2828 Eu·
737 2776 787 2826 alte
800 2793 830 2828 zu
843 2777 868 2843 ᾗ.
883 2777 914 2828 ’Π
928 2779 1083 2843 αιιΓςειᾶΙιῙιο
1095 2779 1249 2846 Bedingun·

181 2845 237 2894 nius
259 2845 314 2896 eine
335 2844 420 2894 solede
441 2861 504 2909 enge
523 2846 685 2910 Verbindnng
737 2860 784 2907 geu
796 2847 1155 2910 eswegzulassouvorbandeu
1167 2849 1248 2913 sind3

180 2914 225 2962 des
238 2912 313 2962 [tides
330 2912 376 2962 mit
392 2913 437 2962 det·
449 2913 531 2964 Troue
548 2913 684 2965 hekundet.
738 2913 768 2962 de
787 2929 823 2964 or.
840 2911 870 2978 Η,
884 2915 925 2979 72,
938 2915 986 2966 294
996 2917 1084 2966 utnon
1094 2913 1173 2964 modo
1187 2931 1250 2968 reon

213 2983 240 3030 in
254 2979 289 3030 Ca
306 2979 390 3030 dolio:
406 2980 437 3030 de
452 2988 503 3032 not.
517 2982 587 3030 deor.
599 2981 628 3044 tt,
642 2981 682 3041 23,
737 2982 843 3045 adiecto,
856 2983 908 3034 red
913 3001 946 3034 ne
955 2986 1046 3036 reiecto
1054 2980 1156 3048 miton
1166 2989 1250 3037 scuto

181 3047 211 3097 61
230 3052 261 3100 ut
293 3045 480 3113 iteratum,
494 3051 597 3115 quasin
610 3048 683 3116 Capi-
729 3050 939 3116 sugerevz'dour.

181 3115 241 3166 tolio
257 3114 389 3166 dedicatae
405 3116 518 3168 trideroni
533 3119 653 3185 proan'me
668 3133 685 3168 a
770 3134 803 3167 oe
817 3119 913 3171 andam
924 3119 1025 3186 qaa'dem
1036 3132 1105 3169 esre:
1117 3119 1167 3169 don
1181 3123 1250 3173 stoi·

179 3181 215 3234 Μ.
227 3183 339 3234 Aeaeila'o
349 3181 448 3236 Scauro
462 3187 526 3248 (dem
538 3202 560 3236 z.
570 3184 588 3248 i,
599 3185 639 3250 22,
652 3186 684 3234 76
705 3187 812 3252 geoden
836 3187 933 3238 Beweis
961 3187 1003 3238 fiir
1024 3187 1111 3238 diesen
1134 3185 1199 3238 Sutz
1226 3205 1248 3240 s.

180 3251 334 3315 erwiihnten‚
348 3252 410 3303 oder
421 3255 483 3304 auch
496 3255 587 3304 desseu
600 3254 683 3304 Sohne
739 3252 813 3306 Tuso.
827 3253 856 3319 ll,
871 3254 910 3318 12,
924 3255 956 3307 29
968 3257 993 3307 ff.

180 3317 683 3386 z.1,39,138),anteautanavotto
770 3323 976 3390 nurn:a.§.84.
1062 3378 1069 3385 ,

181 3386 301 3439 dodonaeo.
339 3389 390 3438 Der
419 3390 606 3454 letztgenonnte
630 3405 684 3440 war
773 3395 800 3441 tu
833 3393 946 3458 efflatus,
968 3392 1018 3442 wie
1041 3393 1191 3460 on'tifioutus
1213 3397 1248 3446 de

180 3455 294 3508 Dictator
303 3457 370 3512 int,
379 3457 427 3507 505
439 3458 515 3520 (249).
534 3459 585 3508 Der
595 3458 682 3510 Cultus
737 3459 787 3509 div.
817 3459 837 3525 l,
859 3459 904 3526 26,
926 3461 958 3510 57
977 3461 1038 3510 uach
1056 3461 1102 3510 der
1118 3460 1247 3526 Analogie

180 3525 225 3574 der
237 3524 313 3575 Fides
326 3525 389 3575 wird
400 3526 446 3576 uus
453 3523 530 3578 Numa
544 3527 683 3590 zuriiokge·
737 3543 785 3577 von
794 3527 1090 3596 ampdfieutrragehildet‚
1099 3532 1248 3582 wennouoh

178 3591 261 3654 sdhrt3
291 3592 357 3644 Piut.
377 3591 450 3644 Num.
465 3593 495 3644 16
520 3595 634 3661 πρῶτον
651 3593 686 3646 δέ
737 3595 777 3646 ein
797 3597 908 3648 Verbum
927 3597 1079 3666 tropffioaro
1098 3597 1166 3647 uidit
1182 3599 1248 3650 exi·

180 3655 682 3733 φασι-Πίστεωςὶερὸνὶδρύσασθαι,
737 3663 803 3714 stirt.

179 3729 225 3780 καὶ
237 3723 287 3793 τὴν
296 3727 350 3798 μὲν
359 3733 462 3781 Πίστιν
471 3723 556 3799 ὅρκον
565 3725 681 3783 ἀποδεῖ·
772 3731 828 3782 106.
846 3734 982 3786 nervosius
1001 3759 1036 3769 -
1048 3735 1201 3786 renardo.-
1219 3733 1247 3801 ᾗ.

179 3790 382 3865 ξαιῬωμαίοις
388 3797 532 3866 μέγιστον,
541 3785 682 3870 ᾦχρώμε-
720 3798 769 3849 no
780 3801 831 3850 und
843 3800 883 3851 35.

155 3897 159 3906 ·
178 3880 225 3916 νοι
235 3865 321 3934 μέχρι
331 3866 382 3935 priv
396 3863 580 3918 διατελοῦσιν.
767 3884 893 3938 perronae
904 3867 1149 3934 reroimdumsnit:
1164 3866 1184 3933 t,
1198 3867 1246 3936 28,

215 3930 680 3988 eatanomoam:wetenettetetaa
735 3935 775 3986 97.
