2718 4484
477 319 537 372 LIB.
548 319 590 372 ΙΙΙ.
617 319 688 372 CAP.
703 321 742 373 10.
758 322 797 373 11.

1107 325 1167 388 179

107 473 156 535 ille
173 463 237 534 non
255 473 436 548 revertisset,
457 473 642 536 moriendum
662 484 740 538 esset
759 476 825 556 ipsi.
867 477 923 551 Qui
944 495 1010 540 curn
1034 478 1070 540 ad
1090 477 1168 540 diem

106 579 141 622 se
155 558 327 638 recepisset,
343 559 503 622 admiratus
517 577 622 622 eorum
636 561 723 622 fidem
737 567 892 643 tryrannus
907 563 1019 643 petivit,
1038 571 1071 624 ut
1085 581 1117 626 se
1131 564 1168 626 ad

107 643 267 707 amicitiam
281 645 399 706 tertium
414 645 620 707 adscriberent.
652 647 724 708 Cum
739 646 828 727 igitur
841 647 885 723 id,
906 648 985 729 quod
1001 648 1069 711 utile
1085 647 1166 712 vide·
1188 663 1221 716 46

107 730 203 792 turin
218 730 352 806 amicitia,
369 750 436 793 curn
451 751 502 806 eo,
519 731 598 812 quod
612 733 772 794 honestum
786 742 844 808 est,
862 741 1062 815 comparatur,
1078 733 1169 798 iaceat

107 815 240 878 utilitatis
256 816 379 896 species,
394 817 485 878 valeat
499 819 649 879 honestas.
687 819 759 880 Cum
775 828 871 883 autem
887 819 917 880 in
938 818 1075 895 amicitia,
1094 837 1168 899 quae

107 903 234 962 honesta
257 919 319 962 non
340 909 422 976 sunt,
448 903 688 983 postulabuntur,
713 903 814 984 religio
837 912 865 966 et
883 905 956 966 tides
975 912 1169 984 anteponatur

109 987 261 1050 amicitiae.
292 987 341 1048 Sic
354 988 509 1050 habebitur
522 987 556 1063 is,
572 1008 660 1069 quern
675 989 862 1069 exquirimus,
878 989 1004 1052 delectus
1020 990 1117 1052 ollioii.
1199 1019 1203 1029 ·

196 1071 254 1134 Sed
268 1072 398 1136 utilitatis
413 1074 510 1152 specie
524 1075 559 1135 in
573 1093 609 1135 re
624 1075 766 1154 publica
781 1075 952 1155 saepissime
967 1083 1116 1155 peccatur,
1137 1084 1169 1138 ut
1188 1082 1226 1142 11

108 1160 142 1220 in
157 1157 288 1220 Corinthi
307 1159 518 1221 disturbatione
537 1160 646 1222 nostri:
669 1161 770 1223 durius
791 1161 877 1222 etiam
895 1161 1099 1237 Athenienses,
1120 1162 1170 1242 qui

109 1244 258 1305 sciverunt
287 1251 320 1305 ut
344 1244 502 1323 Aeginetis,
534 1247 583 1326 qui
614 1246 707 1307 classe
738 1245 882 1320 valebant,
913 1247 1031 1326 pollices
1057 1247 1169 1327 praeci·

109 1330 258 1390 derantur.
297 1328 362 1392 Hoc
380 1329 476 1392 visum
490 1339 535 1393 est
554 1332 637 1396 utile:
670 1331 758 1393 nimis
783 1333 863 1394 enim
883 1331 1053 1394 imminebat
1075 1351 1169 1412 prop-

105 1423 155 1476 ter
185 1414 436 1495 propinquitatem
462 1416 572 1495 Aegina
596 1417 725 1478 Piraeeo.
767 1417 826 1478 Sed
852 1417 924 1478 nibil
950 1418 1030 1496 quod
1056 1417 1170 1479 crudele

108 1500 193 1562 utile:
206 1508 266 1562 'est
284 1501 361 1562 enim
380 1501 535 1570 hominurn
554 1509 688 1576 naturae,
703 1521 800 1582 quam
820 1501 903 1582 sequi
924 1501 1079 1576 debemus,
1104 1521 1168 1565 ma·
1207 1537 1210 1542 ,
1271 1541 1277 1547 -

108 1586 187 1647 xime
217 1585 332 1648 inimica
362 1587 525 1648 crudelitas.
562 1587 635 1649 Male
665 1587 751 1649 etiam
777 1588 826 1667 qui
849 1587 1023 1667 peregrinos
1048 1587 1168 1649 urbibus
1190 1603 1221 1654 47

108 1672 151 1733 uti
170 1670 329 1750 probibent
346 1691 456 1752 eosque
475 1673 681 1748 exterminant,
706 1681 740 1735 ut
758 1672 876 1735 Pennus
897 1673 974 1753 apud
993 1680 1091 1752 patres
1111 1692 1168 1737 no·

109 1765 203 1831 suos,
228 1756 334 1836 Papius
354 1775 457 1837 nuper.
491 1758 565 1819 Nam
586 1765 669 1819 ‘assu
691 1777 748 1819 rao
770 1777 836 1818 orvs
858 1777 907 1826 cur
929 1776 1004 1818 orus
1026 1775 1087 1818 non
1108 1758 1169 1820 srr'

108 1850 223 1905 rectum
243 1850 367 1904 estnon
386 1841 486 1919 licere,
507 1861 593 1923 quam
612 1845 706 1923 legem
725 1844 854 1906 tulerunt
868 1843 1077 1922 sapientissimi
1095 1861 1169 1906 cou-

108 1927 188 1990 sules
209 1927 333 1989 Crassus
358 1937 386 1989 et
406 1928 554 1991 Scaevola:
581 1948 638 1991 usu
662 1947 731 1990 vero
756 1929 838 1990 urbis
862 1929 1020 2009 prohibere
1039 1929 1169 2008 peregri-

98 2032 167 2076 nos
192 2031 264 2080 sane
286 2013 480 2076 inhumanum
504 2022 556 2076 est.
593 2014 641 2076 llla
666 2014 825 2094 praeclara,
852 2015 883 2076 in
908 2014 1014 2095 quibus
1038 2013 1170 2094 publicae

107 2099 241 2164 utilitatis
272 2100 384 2181 species
415 2119 484 2180 prae
518 2101 672 2163 honestate
703 2099 909 2186 contemnitur.
937 2099 1041 2162 ΙΡίονο
1070 2118 1169 2162 exem-

108 2357 227 2421 machen,
254 2353 298 2419 IV,
316 2355 330 2403 7
352 2362 405 2406 ext.
426 2355 437 2404 1
472 2355 572 2406 Πανῶν
589 2357 615 2404 et

109 2425 230 2477 Phintias
253 2423 443 2490 Pythagoricae
461 2423 615 2492 prodereb'ao

109 2497 193 2546 saeris
205 2493 304 2542 initiati
323 2497 375 2542 tam
384 2492 492 2559 fidelem
508 2495 576 2542 ahter
587 2507 615 2541 rc

109 2565 251 2614 arnimtr‘mn
261 2563 415 2624 renonent,
434 2564 465 2610 at
480 2576 537 2613 cam
553 2558 615 2610 alte-

109 2647 171 2684 rum
192 2647 228 2682 ecc
252 2630 291 2679 hia·
311 2628 452 2695 dionysias
473 2626 616 2694 Syracusa·

109 2716 161 2751 nuc
172 2699 319 2764 interficere
327 2697 401 2748 uellet
410 2724 445 2734 --
453 2725 487 2734 -
496 2696 561 2747 alter
572 2711 616 2746 ra-

111 2765 359 2836 demseproredita
369 2763 617 2831 eiastprannodare

110 2853 163 2888 nore
175 2835 309 2886 dubitarit.
337 2833 385 2896 (So
399 2834 438 2883 die
451 2833 525 2882 Hdss.
551 2831 616 2882 Tor·

111 2905 198 2956 reulus
211 2903 346 2965 dubitarit,
363 2901 458 2952 Parcus
471 2900 616 2964 dubitaret.)

146 2971 190 3022 46.
210 2975 300 3034 iucem,
313 2969 395 3021 bleibe
407 2969 559 3020 uubeaobtct
570 2967 613 3018 lie·

113 3035 548 3224 finlffeiessog'doteroaueoe.·
566 3101 616 3168 z.l,

153 3213 159 3240 ,
208 3213 214 3224 .

107 3269 113 3282 ι
147 3245 299 3308 Aeginetae
311 3241 410 3295 Aeliae.
422 3258 475 3294 var.
490 3241 548 3294 hist.
560 3238 590 3302 ll,
601 3239 617 3288 9

118 3301 618 3380 Οἶαέψηφίσαντοᾌθηναῖοι-Αἰ-

114 3379 235 3446 γινητῶν
255 3377 309 3447 μὲν
329 3374 447 3430 ἑκάστου
463 3372 513 3429 τὸν
528 3376 619 3448 μέγαν

116 3441 268 3514 ἀποκόψαι
295 3445 342 3511 τῆς
386 3441 458 3514 ειρὸς
482 3439 619 3496 δάκτυλον

115 3516 162 3586 τῆς
173 3513 278 3576 δεξιᾶς,
299 3513 346 3566 ἰ’να
362 3465 438 3585 ((όροι
447 3512 501 3584 μὲν
516 3505 620 3578 βαστά-

117 3583 171 3642 ζειν
182 3578 222 3664 μὴ
233 3578 379 3646 δύνωνται,
392 3577 489 3648 κώπην
503 3579 533 3632 dt
543 3575 620 3632 ttae.

115 3647 332 3704 ussatidamma.
349 3651 400 3702 Der
409 3651 543 3702 Bescblnss
552 3664 620 3698 wur-

117 3721 147 3770 dc
160 3720 266 3784 gelasst,
279 3719 318 3770 als
330 3719 434 3783 Aegina,
449 3719 495 3769 mit
507 3719 563 3768 dem
574 3717 620 3766 be·

117 3788 246 3840 lanntlicb
254 3789 338 3839 Athen
350 3788 375 3838 iu
384 3787 451 3838 alter
460 3783 621 3838 Felndsobalt

117 3855 199 3921 lebto,
220 3857 260 3910 ol.
274 3855 345 3921 80,4
362 3855 430 3920 (456)
448 3853 621 3906 unterworlen

117 3927 213 3978 warde.

150 3993 193 4044 47.
218 3987 622 4046 MJcoiasPcanaswarVolks·

668 2353 752 2404 tribun
769 2351 818 2402 628
837 2351 915 2416 (126).
948 2351 1032 2404 Ueber
1047 2353 1100 2403 sein
1118 2351 1170 2403 Ge·

669 2428 724 2472 setz
746 2420 815 2484 gicht
831 2435 877 2470 uns
894 2421 956 2470 auch
973 2419 1066 2470 Festus
1082 2436 1106 2486 p.
1120 2419 1169 2470 286

668 2487 802 2540 Auskunft·
813 2503 855 2538 ros
863 2487 979 2556 publicas
987 2487 1128 2538 mattarum
1135 2491 1170 2539 οἰ-

668 2557 917 2624 citatamploratitor
926 2553 1170 2608 acclamantes
1234 2589 1239 2598 -

668 2622 1170 2758 insinuarentur.

670 2761 706 2814 M.
718 2761 823 2812 Poenas
832 2759 916 2827 sarilo
926 2763 1036 2826 agitarit
1046 2762 1078 2810 tu
1091 2731 1172 2812 ἰίῶν·

670 2826 937 2880 astronomorum
956 2832 1040 2881 aetate
1075 2828 1172 2879 audam

670 2897 830 2950 antecedens.
862 2896 887 2948 S.
905 2843 1077 2948 Mommseufi
1092 2914 1116 2964 p,
1129 2895 1171 2957 96.

697 2965 733 3024 fl.
750 2965 847 3034 Papius
869 2972 1002 3016 emanante
1023 2965 1061 3017 ala
1077 2963 1172 3018 Vollm-

670 3035 755 3086 tribnn
768 3034 800 3084 im
809 3035 831 3084 l.
843 3032 892 3084 689
903 3032 954 3097 (65)
968 3035 1012 3084 das
1024 3032 1117 3084 Gesetz
1127 3034 1172 3084 des

671 3102 779 3152 Pennus.
800 3100 975 3165 nasaniam,
986 3102 1001 3152 9
1013 3101 1061 3151 καὶ
1072 3099 1102 3154 ἐν
1111 3096 1173 3152 τού-

671 3187 709 3236 τῳ
722 3165 825 3226 πάντες
840 3169 870 3221 οἰ
880 3167 910 3221 ἓν
922 3164 1051 3240 τῇῬώμῃ
1065 3166 1173 3288 deorbit-

670 3242 766 3305 βοντες
777 3239 850 3303 πλὴν
865 3238 921 3290 τῶν
935 3233 984 3302 τὴν
995 3237 1046 3289 νῦν
1056 3233 1126 3288 'Iret
1139 3253 1174 3290 αν

673 3299 824 3358 οἰκούντων
838 3303 977 3364 ’ἐξέπεσον
993 3301 1080 3359 Γαΐου
1099 3301 1175 3362 τινὸς
1265 3325 1281 3341 ⁴¹

673 3375 813 3425 Παππίου
823 3367 970 3500 σῖηένοίρχοο
977 3367 1087 3492 γνῶμῖ·
1098 3371 1174 3425 ἒπει-

674 3437 708 3507 ob
725 3435 851 3492 ἐπεπόία
867 3457 900 3493 ον
919 3441 966 3491 καὶ
987 3437 1037 3491 οὐκ
1072 3437 1175 3494 δόκονν

674 3503 860 3575 ἰπιτήδειοισ
884 3511 942 3561 ι’σιν
952 3507 1023 3561 εἶναι
1031 3510 1174 3568 ξυνοικεῖν.

709 3577 819 3629 Crassus
828 3526 985 3638 atsseaeeola.
996 3578 1041 3628 Dic
1052 3577 1176 3630 bekanntc

675 3646 718 3696 lex
730 3645 826 3697 Licinia
837 3645 920 3698 Mucia
935 3662 993 3698 vom
1009 3646 1033 3698 J.
1046 3645 1095 3698 669
1113 3647 1174 3710 (95),

674 3714 770 3764 welche
786 3713 833 3764 den
851 3715 876 3764 iu
893 3713 955 3766 Rom
970 3716 1093 3766 lebenden
1105 3713 1176 3766 ltali-

675 3783 738 3832 hern
759 3782 798 3831 die
819 3782 977 3847 Aumassung
1001 3785 1045 3833 des
1066 3783 1175 3847 Biirger·

675 3852 759 3901 recbts
772 3849 817 3900 auf
826 3851 1017 3916 das‘Strocgsto
1028 3857 1176 3914 imtersagte

675 3919 726 3970 and
737 3918 800 3968 eben
809 3919 918 3970 dadurcb
931 3919 977 3969 den
987 3917 1119 3970 Ausbrncb
1132 3919 1176 3970 des

676 3985 807 4038 italisolren
820 3985 927 4052 lirieges
939 3986 1070 4038 bewirlte.

930 4070 978 4124 12*
