2734 4478
205 233 246 298 92
629 222 838 301 ¹rmorerueus

205 387 242 450 de
261 385 430 450 domesticis
449 386 576 468 negotiis
596 395 646 450 aut
664 389 701 450 de
719 406 752 450 re
772 385 890 468 publica
909 394 961 449 aut
982 386 1018 450 de
1036 385 1146 448 ardum
1167 387 1276 450 studiis

205 480 291 552 atque
311 471 453 532 doctrina.
482 471 582 534 Danda
601 472 690 552 igitur
704 490 795 552 opera
811 480 917 547 estut,
938 471 1028 534 etiam
1043 471 1069 533 si
1083 472 1225 538 aberrare
1239 471 1276 534 ad

205 556 259 618 elia
278 556 420 636 coeperit,
440 557 477 618 ad
496 558 569 619 haec
587 566 741 620 revocetur
760 556 866 632 oratio,
886 557 938 619 sed
953 564 1116 635 utcumque
1132 557 1275 619 adertmt:

205 659 299 721 neque
315 641 393 704 enim
409 642 519 704 eisdem
534 643 570 704 de
585 643 674 704 rebus
689 660 745 705 nec
760 642 842 705 omni
856 651 993 722 tempore
1003 659 1061 704 nec
1072 642 1209 704 similiter
1221 642 1275 704 de-

124 767 143 806 „
203 727 352 788 lactamur.
382 727 682 789 Animadvertendum
701 735 747 790 est
764 727 853 789 etiam
868 735 1013 809 quatenus
1028 745 1129 788 sermo
1146 728 1276 790 delecta-

205 812 317 957 tiorpiem
342 811 446 874 babeat
471 820 513 886 et,
539 821 572 874 ut
597 813 756 892 incipiendi
775 813 851 874 ratio
871 812 972 886 suerit,
998 811 1038 874 ita
1058 812 1097 874 sit
1117 812 1276 874 desinendi

93 904 110 936 ¹,
132 937 136 949 1
315 941 322 957 ·
1080 919 1085 937 1

137 839 350 1044 Ναὶ
366 999 425 1060 quo
440 982 531 1043 modo
551 981 581 1042 iu
598 983 679 1042 omni
697 983 754 1044 vita
767 982 931 1044 rectissime
949 981 1131 1062 praecipitur
1151 991 1186 1044 ut
1202 1001 1274 1061 per-

137 1077 185 1128 136
205 1065 387 1128 turbationes
407 1065 565 1147 fugiamus,
590 1065 694 1141 idest,
723 1075 823 1129 motus
844 1067 934 1128 animi
952 1066 1063 1128 nimios
1083 1067 1193 1129 rationi
1211 1085 1274 1128 non

137 1157 139 1164 '
206 1151 454 1232 obtemperantes,
475 1153 517 1212 sic
537 1153 600 1213 eius
619 1152 851 1218 modimotibus
871 1171 971 1214 sermo
991 1151 1077 1214 debet
1096 1170 1214 1228 vacare,
1235 1169 1273 1212 nc

205 1244 255 1298 aut
270 1237 312 1298 ira
327 1236 431 1298 existat
441 1245 491 1297 aut
502 1237 645 1316 cupiditas
658 1237 752 1316 aliqua
767 1246 817 1299 aut
831 1236 947 1317 pigritia
959 1243 1009 1299 aut
1024 1235 1139 1316 ignavia
1153 1245 1204 1300 aut
1217 1237 1273 1298 tale

205 1321 312 1401 aliquid
333 1329 484 1401 appareat,
503 1322 686 1401 maximeque
705 1323 867 1384 curandum
889 1329 987 1383 estut
1006 1340 1073 1397 eos,
1095 1322 1272 1402 quibuscum

206 1423 374 1468 sermonem
391 1407 592 1481 conferemus,
608 1415 637 1468 et
650 1408 741 1468 vereri
757 1416 786 1469 et
801 1407 919 1487 diligere
933 1407 1271 1486 videamurttohiusga-

204 1491 303 1553 tiones
315 1491 402 1552 etiam
414 1509 650 1572 nonnumquam
664 1492 797 1554 incidunt
811 1492 1002 1567 necessariae,
1017 1492 1048 1552 in
1064 1492 1170 1573 quibus
1186 1501 1271 1554 uten-

207 1576 278 1638 dum
292 1583 338 1637 est
352 1577 477 1638 fortasse
492 1584 520 1636 et
534 1577 614 1638 vocis
630 1577 818 1638 contentione
832 1577 945 1640 maiore
958 1585 987 1638 et
1002 1577 1160 1640 verborum
1175 1577 1272 1657 gravi-

206 1669 264 1722 tate
279 1659 402 1736 acriore,
416 1661 447 1722 id
462 1662 606 1741 agendum
621 1662 716 1736 etiam,
731 1671 764 1723 nt
778 1682 811 1724 ea
826 1663 921 1725 iacere
934 1661 1088 1724 videamur
1101 1663 1172 1724 irati.
1203 1662 1273 1735 Sed,
1353 1725 1354 1740 ,

206 1753 238 1808 ut
253 1746 290 1808 ad
309 1746 456 1809 urendum
476 1755 504 1809 et
523 1747 695 1822 secandum,
715 1747 759 1809 sic
777 1748 814 1808 ad
832 1749 891 1810 hoc
911 1763 1003 1827 genus
1023 1746 1183 1828 castigandi
1201 1765 1273 1808 raro
1353 1749 1354 1824 ,

206 1831 344 1911 invitique
357 1831 524 1906 veniemus,
545 1851 600 1894 nec
613 1851 754 1912 umquam
768 1833 825 1894 nisi
846 1833 1029 1907 necessario,
1051 1833 1077 1894 si
1091 1833 1169 1894 nialla
1184 1851 1272 1912 repe-

206 1917 296 1978 rietur
315 1915 368 1978 alia
387 1917 544 1978 medicina:
565 1919 617 1979 sed
635 1925 734 1979 temen
754 1918 797 1980 ira
812 1919 921 1996 procu}
932 1918 1022 1993 absit,
1044 1937 1112 1980 cum
1127 1937 1185 1997 qua
1199 1917 1272 1979 nihii

137 2009 185 2060 137
206 2000 374 2075 mutationi,
397 2001 469 2062 nibil
485 2001 666 2064 considerate
680 1987 952 2099 potestQagnam
968 2010 1066 2066 autem
1080 2011 1199 2084 partem
1214 2002 1270 2064 ole-
1353 2063 1354 2066 ,

205 2085 297 2147 menti
312 2085 500 2166 castigatione
512 2085 579 2148 lieet
592 2087 644 2162 uti,
660 2088 798 2166 gravitate
811 2096 909 2150 tamen
925 2088 1069 2162 adiuncta,
1083 2095 1118 2148 ut
1133 2088 1270 2149 severitas

206 2169 375 2234 adhibeatur
385 2179 413 2232 et
425 2171 600 2236 contumelia
609 2172 774 2252 repellatur.
787 2173 880 2252 Atque
892 2173 978 2234 etiam
990 2173 1062 2234 illud
1073 2171 1271 2253 ipsum‚quod

206 2254 370 2319 acerbitatis
389 2256 477 2319 habet
497 2257 674 2334 obiurgatio,
694 2257 918 2336 significandum
933 2266 993 2332 est,
1014 2257 1110 2336 ipsius
1127 2257 1159 2319 id
1174 2277 1270 2330 causa,

207 2340 257 2420 qui
269 2342 452 2421 obiurgatus,
467 2361 532 2402 esse
547 2350 730 2421 susceptum.
752 2341 875 2404 Rectum
890 2349 936 2405 est
950 2349 1048 2404 autem
1063 2343 1153 2404 etiam
1168 2344 1199 2404 in
1214 2343 1268 2404 illis

208 2425 455 2500 contentionibus,
472 2445 545 2505 quae
561 2432 628 2489 o'um
642 2426 853 2488 inimicissimis
870 2429 958 2503 fiunt,
974 2429 1060 2489 etiarn
1077 2428 1103 2490 si
1118 2428 1208 2490 nobis
1224 2428 1269 2488 in-

208 2507 294 2585 digna
310 2509 474 2584 audiamus,
493 2518 592 2578 tamen
611 2512 779 2590 gravitatem
799 2513 936 2590 retinere,
956 2512 1138 2574 iracundiam
1154 2513 1270 2593 pellere.

207 2594 288 2666 Quae
302 2593 380 2654 enim
396 2611 462 2654 oum
478 2593 571 2672 aliqua
586 2595 804 2674 perturbatione
819 2599 902 2672 fiunt,
916 2617 949 2660 ea
960 2615 1016 2660 nec
1026 2606 1199 2660 constanter
1209 2597 1271 2658 fieri
1354 2607 1355 2628 ³

206 2686 336 2758 possunt
350 2695 405 2740 nec
419 2677 468 2753 iis,
489 2679 539 2758 qui
560 2681 681 2754 adsunt,
701 2681 831 2759 probari.
861 2683 997 2744 Deforme
1019 2681 1106 2745 etiam
1126 2691 1173 2744 est
1187 2683 1225 2744 de
1239 2702 1271 2742 se

241 2863 586 2931 sedutcmnqueodemnt,je
596 2867 710 2916 nacbder
764 2865 832 2918 clare
848 2867 896 2918 sed
909 2871 1026 2934 agamemn
1042 2865 1136 2918 leniter
1153 2871 1179 2918 et
1189 2870 1274 2918 mente

206 2931 458 2996 Eigenthiimlicblreit
469 2933 516 2982 der
527 2931 711 2984 Anwesenden·
767 2933 911 3001 mmmm.

242 3000 299 3052 135.
317 2999 412 3052 eisdem
422 3002 539 3053 derebus
549 3001 623 3052 neml.
636 3002 710 3054 coilo-
800 3002 857 3053 137.
876 3001 999 3068 Magnam
1008 3005 1210 3070 autompartcm.
1225 3001 1274 3051 Die

206 3067 303 3137 quondo
316 3069 378 3120 oder
389 3071 515 3133 oratione,
527 3084 580 3119 was
592 3084 648 3119 man
657 3070 710 3120 sicb
764 3072 838 3122 Hdss.
863 3071 943 3121 baben
965 3086 1064 3136 mma
1083 3073 1162 3138 parte.
1197 3068 1273 3117 Doch

205 3136 710 3202 cusdemSubjectdesvorbecgebenden
763 3140 830 3190 liisst
850 3138 902 3189 sich
922 3137 964 3188 i'dr
981 3139 1028 3188 den
1046 3135 1203 3189 adverbiales
1217 3133 1273 3185 Ge·
1354 3187 1355 3192 ,

206 3205 494 3272 Setzesleicbtergiinzt.
504 3205 711 3257 deiectoriselbst
763 3207 857 3258 braucb
874 3207 918 3257 des
936 3205 1052 3257 Ablativs
1070 3222 1118 3257 von
1132 3219 1196 3274 pore
1211 3202 1273 3254 kein
1354 3211 1355 3246 ἒ

205 3273 271 3326 kann
281 3275 349 3325 nicht
357 3275 402 3326 mit
410 3274 591 3327 deverbunden
598 3275 708 3326 werden.
763 3275 871 3340 Beispiei
883 3273 1018 3342 suffimen,
1035 3289 1127 3324 ausser
1138 3274 1184 3324 der
1196 3271 1273 3322 eben·

240 3368 292 3430 38·
313 3376 369 3451 136ἶ
382 3378 488 3444 diligere
496 3378 636 3429 videamur.
660 3377 709 3430 Ue·
763 3341 1019 3460 f⁸1u³35v⁰¹bd⁰rb⁸⁰⁰¹¹
1044 3341 1126 3458 &3¹¹⁶
1146 3337 1272 3458 2⁰⁸&ssss

205 3447 374 3499 mm
387 3445 412 3521 ξτ
428 3446 483 3498 ¹²¹·
705 3467 711 3476 '
763 3411 848 3530 bobas
862 3424 1273 3546 dbgabnefflffiqw'abt

230 3549 327 3616 facere
342 3545 472 3599 uideamur
485 3549 562 3598 irati:
579 3545 654 3616 Tnse.
667 3544 709 3612 IV,
763 3563 840 3614 quom
855 3550 976 3617 promtius
990 3544 1126 3612 accedere,
1145 3541 1271 3610 corfiders

204 3617 245 3683 25,
257 3616 289 3666 55
305 3615 439 3668 Oratorem
447 3631 507 3668 cero
515 3616 598 3666 irasci
604 3615 710 3664 anisime
763 3619 815 3668 sibi
821 3619 953 3685 poteramt.

204 3684 281 3752 decet,
291 3681 653 3752 minuioreoerqnondedecet.
665 3683 710 3733 An
797 3683 950 3734 coatucnela'o
963 3682 1114 3751 repellatur,
1126 3682 1151 3730 d.
1164 3681 1182 3732 i.
1194 3678 1272 3730 absti-

204 3755 251 3804 eoi
262 3752 534 3816 tamirasca'sddemur,
547 3750 710 3816 commodata
764 3759 890 3802 nectura
913 3750 1072 3813 contumelia,
1097 3753 1268 3809 removeatur,

204 3823 290 3872 caude
307 3823 394 3874 ocius
410 3824 436 3871 ei
455 3820 626 3871 vehementiam
644 3817 710 3869 dici-
763 3820 813 3871 wie
824 3827 901 3871 unten
912 3816 1271 3886 srmodumpeueregeuct

204 3892 449 3955 moe—Agusius·
459 3891 512 3940 icto
523 3886 625 3956 quidem
633 3901 711 3956 proo-
765 3889 807 3938 ist
