2734 4478
168 266 227 328 102
419 318 423 324 ,
596 259 640 311 nn
658 257 797 312 osricus

165 419 339 497 thagoreus,
360 415 551 498 Syracusium
566 413 690 478 Diouem
704 414 788 476 Plato
808 413 951 494 multique
965 413 1091 489 multos,
1111 431 1230 494 nosque

165 503 231 602 ipsi,
249 501 390 584 quidquid
405 502 442 563 ad
457 519 519 562 rom
534 499 681 582 publicam
696 499 858 572 attulimus,
879 500 1011 562 simodo
1026 501 1063 561 ali
1105 499 1166 560 ida
1214 535 1229 546 -
1354 517 1355 526 ¹

165 589 261 664 lrruus,
276 607 292 650 a
307 585 478 650 doctoribus
494 593 579 668 atque
594 584 727 647 doctrina
742 584 877 646 instructi
892 586 928 648 ad
943 603 1008 646 eam
1023 592 1053 646 ot
1116 583 1256 648 *tuac-o
1293 613 1296 621 ¹
1317 591 1331 639 3.

97 688 144 740 156
165 673 318 736 cessimus.
347 671 445 754 Neque
461 672 558 734 solum
574 670 628 732 vivi
644 676 732 750 atquc
747 677 916 755 praesentes
933 669 1086 734 studiosos
1098 670 1231 732 discendi
1302 685 1305 690 “

165 758 301 822 erudiunt
316 765 401 840 atque
417 757 539 830 docent,
556 757 609 820 sed
623 756 681 817 hoc
695 756 774 818 idem
790 756 877 818 etiam
892 763 1104 838 postmortem
1119 773 1230 818 monu-

165 843 270 906 mentis
285 843 447 906 litterarum
465 841 676 922 adsequuntur.
707 841 768 904 Nee
788 841 866 902 enim
885 841 969 902 locus
984 841 1130 903 ullus’est
1144 859 1229 921 prae·

165 927 320 992 termissus
336 929 371 990 ab
387 928 436 1001 iis,
453 927 503 1008 qui
518 927 555 989 ad
570 927 663 1006 leges,
679 926 729 1006 qui
745 927 781 988 ad
796 945 909 1000 mores,
927 926 976 1006 qui
992 926 1029 988 ad
1045 925 1229 1006 disciplinam

156 1009 205 1076 'rei
226 1013 357 1096 publicae
377 1012 550 1094 pertineret,
575 1020 608 1074 ut
628 1012 722 1074 otium
749 1029 836 1073 suum
860 1013 896 1073 ad
920 1015 1058 1074 nostrum
1077 1012 1227 1090 negotium

84 1116 89 1128 ·
165 1099 325 1162 contulisse
341 1098 500 1161 videantur.
532 1098 573 1160 lta
589 1097 630 1160 illi
650 1095 708 1178 ipsi
730 1097 880 1158 doctrinae
899 1096 1003 1159 studiis
1023 1105 1053 1158 et
1072 1097 1230 1176 sapientiae

165 1183 253 1246 dediti
264 1184 299 1246 ad
312 1183 468 1245 hominum
484 1183 636 1245 utilitatem
652 1201 735 1244 suam
747 1182 932 1262 prudentiam
949 1181 1229 1263 intellegentiamque

165 1269 356 1348 potissimum
368 1269 530 1330 conlemnt.
548 1267 594 1328 Ob
606 1286 670 1330 eam
682 1267 767 1328 etiam
781 1286 898 1328 causam
911 1267 1009 1346 eloqui
1021 1267 1152 1347 copiose,
1163 1283 1228 1328 mo·

164 1353 396 1434 «inprudenter,
422 1353 526 1415 molius
548 1359 594 1414 est
613 1371 703 1432 quam
722 1352 766 1412 vel
790 1351 961 1414 acutissime
982 1351 1045 1412 sine
1065 1351 1229 1432 eloquentia

167 1439 303 1520 cogitare,
318 1439 398 1520 quod
414 1437 550 1518 cogitatio
566 1438 597 1498 in
613 1457 646 1498 se
660 1437 724 1516 ipsa
735 1437 865 1510 vertitur,
880 1439 926 1498 elo
948 1436 1045 1498 uentia
1061 1437 1228 1517 complecti·

114 1535 143 1548 '·
166 1531 214 1586 tur
229 1544 289 1600 eos,
305 1523 481 1604 quibuscum
497 1522 707 1584 communitate
722 1523 813 1584 iuncti
828 1457 1068 1668 sumnskbtque
1084 1529 1117 1584 ut
1131 1522 1228 1602 apium

164 1609 296 1672 cxauuna
319 1626 379 1670 nou
405 1608 613 1688 fingendorum
639 1609 772 1669 favorum
802 1626 888 1670 causa
915 1627 931 1669 o
974 1609 1144 1686 gregantur,
1169 1607 1227 1678 sed,

165 1713 231 1756 cum
261 1692 473 1774 congregabilia
498 1700 603 1754 natura
623 1693 696 1764 siut,
724 1693 839 1771 tingunt
858 1695 952 1766 sevos,
978 1692 1022 1753 sic
1041 1692 1174 1754 homines
1194 1710 1228 1752 ac

164 1779 257 1840 rnulto
273 1779 359 1840 etiam
377 1778 469 1858 magis
486 1785 590 1840 natura
610 1777 777 1858 congregati
792 1777 930 1839 adhibent
945 1778 1049 1857 agendi
1066 1775 1226 1856 cogitandi-

165 1881 221 1944 que
237 1865 405 1927 sollertiam.
433 1864 541 1944 ltaque,
559 1862 617 1925 nisi
632 1883 665 1924 ea
680 1863 781 1936 virtus,
798 1881 870 1943 quae
883 1869 997 1924 constat
1012 1882 1046 1923 ex
1058 1861 1229 1924 homiuibus

165 1948 287 2022 tuendis,
303 1949 332 2010 id
348 1956 401 2022 est,
418 1967 453 2008 ex
469 1948 607 2009 societate
622 1948 736 2026 generis
752 1948 883 2021 humani,
900 1948 1022 2026 attingat
1032 1947 1230 2027 cognitionem

165 2051 277 2106 rerunt,
298 2033 424 2112 solivaga
446 2033 574 2112 cognitio
592 2040 621 2093 et
635 2031 731 2095 ieiuna
746 2033 894 2106 videatur,
917 2033 1044 2112 itemque
1059 2032 1231 2111 magnitudo

166 2117 268 2189 animi,
288 2125 432 2180 remotae
453 2117 664 2179 communitate
685 2117 950 2197 coniunctioneque
968 2119 1112 2190 humana,
1133 2117 1231 2179 feritas

164 2287 299 2350 thagoroer
315 2287 338 2336 in
351 2285 518 2338 Uutoritalieu
535 2291 628 2337 secrete
642 2301 671 2336 er
723 2286 806 2353 dotata,
816 2285 980 2351 Posidonius,
992 2289 1109 2354 aquibus
1118 2287 1234 2337 macuti

166 2354 217 2404 siob
239 2370 288 2404 von
310 2355 395 2406 soiuor
410 2353 560 2406 Vaterstorlt
575 2353 671 2406 Tacent
723 2371 823 2416 coenus.

165 2421 227 2470 nacla
239 2421 349 2487 Thebon,
361 2437 401 2472 wo
414 2437 444 2473 cr
454 2424 517 2472 auch
530 2423 608 2473 starb.
634 2422 669 2471 ils
760 2422 816 2473 156.
840 2425 893 2474 cios·
902 2428 980 2490 atque
990 2427 1156 2491 praeacutos:
1173 2437 1232 2489 pcr-

165 2487 264 2536 worrleu
287 2489 335 2538 ibm
353 2489 479 2538 Schriften
500 2489 563 2540 iiber
579 2492 670 2556 pytbn·
723 2491 833 2552 silnlicb3
846 2507 866 2540 s.
880 2489 906 2556 ἦ.
920 2491 958 2541 ll.

165 2555 301 2618 gorasuncl
314 2555 385 2606 seins
398 2555 479 2605 Lebro
492 2556 626 2620 beigelcgt.
758 2559 946 2625 intellegentia,
971 2560 1003 2610 im
1028 2557 1173 2622 Gegensatz
1201 2574 1234 2607 zu

199 2619 370 2690 Syracusius:
388 2623 427 2672 die
439 2623 594 2687 griechiscbe
609 2624 671 2684 aber
721 2627 861 2688 prudentia
889 2625 927 2693 (ᾖ.
953 2627 1015 2689 151)
1047 2626 1233 2676 theoretisclres

165 2689 227 2740 nucb
248 2689 280 2740 ina
302 2689 476 2741 Lateluisoben
498 2692 565 2743 nicht
588 2693 670 2744 scltcu
726 2693 839 2745 Wisssu.

165 2757 317 2820 gebrauchte
330 2757 519 2823 Adjcctivlorm.
761 2759 1232 2829 157.nae1rooongoegats:s.z.§.12.

199 2824 260 2892 Dio,
273 2826 319 2875 (lor
329 2827 414 2876 0beim
424 2827 670 2894 ‹lesjiingorcnllio-
725 2831 847 2881 Dasselbe
859 2831 937 2881 mciut
945 2831 1108 2894 Aristotcles,
1119 2843 1189 2878 wcnu
1200 2844 1233 2878 cr

168 2907 227 2960 oye,
250 2893 340 2944 ‹lesseu
363 2894 510 2946 llerrscbalt
531 2913 559 2948 cr
585 2898 671 2962 spiiter
726 2899 772 2949 cleu
787 2898 921 2949 blensebeu
940 2899 979 2950 ein
999 2898 1070 2956 ζῶον
1085 2889 1229 2950 πολιτικόν

168 2961 284 3028 stiirzte·‚
313 2962 372 3028 biug
402 2971 489 3013 zuerst
513 2964 557 3014 der
581 2965 672 3031 pytba-
726 2974 803 3018 neunt
828 2968 878 3017 und
893 2968 941 3017 den
959 2966 1033 3017 Stant
1049 2967 1090 3018 liir
1104 2965 1168 3016 'ailtcr
1189 2963 1230 3012 als

166 3029 312 3092 goreiscben
342 3029 502 3098 Philosopbie
537 3048 580 3096 an,
611 3032 673 3082 uber
726 3034 1002 3086 (lieFamilieerkliirt.

167 3097 204 3146 als
217 3097 288 3150 Plato
306 3097 355 3150 389
367 3115 390 3148 v.
405 3098 463 3149 Cbr.
481 3102 543 3150 nach
556 3100 681 3168 syrulus·
761 3108 862 3154 constat
877 3131 910 3140 —
927 3121 961 3154 occ
984 3105 1108 3154 societate
1131 3101 1231 3166 aaaron,

166 3165 235 3230 kam,
263 3166 341 3230 lolgte
363 3182 392 3216 er
411 3167 460 3218 ihm
488 3169 538 3218 uurl
557 3183 612 3218 wnr
632 3169 671 3218 ein
726 3172 765 3222 elie
787 3172 812 3222 in
837 3173 883 3221 cler
907 3172 1091 3222 monsclrlicben
1114 3169 1233 3221 Gemein-

167 3234 404 3299 trenorllnblnger
425 3235 509 3304 seiuer
526 3236 608 3286 Lclrre
633 3236 670 3286 bis
726 3239 807 3290 scbal't
836 3240 906 3290 ibren
932 3240 1019 3292 Grund
1048 3241 1104 3301 bot3
1137 3238 1233 3289 cbonso

167 3317 222 3352 zum
235 3303 305 3353 Eudo
322 3303 405 3354 seinos
418 3304 526 3354 viellacb
539 3304 670 3369 botegun
727 3307 774 3358 163
786 3311 813 3358 in
825 3323 875 3374 quo
887 3312 1045 3372 emanator,
1062 3309 1113 3358 und
1128 3305 1176 3356 160
1186 3323 1234 3372 ge·

166 3369 264 3428 Lobous
279 3370 336 3436 (353
349 3385 373 3420 v.
387 3371 464 3436 Clau).
722 3393 772 3427 nus
784 3377 931 3442 qsficiorum
943 3376 1010 3444 quod
1020 3381 1140 3426 terreatur
1151 3375 1233 3426 borni·

199 3455 295 3507 nosque
306 3443 369 3508 ipsi:
386 3442 417 3490 cle
430 3448 480 3491 nat.
493 3441 563 3492 door.
576 3441 598 3507 l,
611 3442 639 3505 3,
654 3443 669 3492 6
725 3461 787 3495 num
799 3447 928 3495 societate.

165 3523 212 3559 nos
221 3535 255 3544 —
267 3509 600 3576 cumndnimesidobamur,
614 3515 670 3562 tum
757 3515 881 3578 olibaga't:
893 3511 918 3578 §-
933 3513 972 3563 18.

165 3577 671 3716 secrctamsecretam
723 3579 1256 3714 lltttltttllttttbell·

88 3770 92 3774 ,
165 3715 305 3784 sophorum
321 3718 453 3765 acceleratim
469 3721 496 3765 ot
511 3715 671 3766 doctacsc'mo-
724 3717 815 3782 tiglreit
840 3719 902 3767 oder
924 3719 969 3768 (les
990 3716 1146 3766 lloclrsiuues
1167 3715 1233 3766 uird

165 3797 224 3833 rum
241 3783 593 3850 bomirrumfarmlimatoles‚
616 3789 670 3851 q'uc'-
724 3802 772 3836 nnr
783 3786 902 3849 boilliulig
914 3785 1109 3849 cingescbobcn,
1131 3800 1160 3834 so
1172 3783 1231 3834 dass

166 3851 213 3900 bus
225 3868 326 3919 semper
335 3851 633 3920 domusnoslrostoradt,
646 3857 672 3904 ct
725 3855 761 3904 sic
773 3854 910 3917 allertliugs
925 3855 972 3904 don
986 3852 1058 3916 Gsng
1074 3855 1120 3903 (les
1134 3852 1231 3902 bewei-

149 3972 151 3979 ,
163 3920 292 3988 principes
301 3919 339 3970 illi
350 3922 501 3985 Aristocles,
514 3921 595 3984 Philo,
607 3921 670 3972 Dio-
724 3937 767 3972 ses
777 3923 901 3973 sttirtuml
910 3921 1074 3972 unterbriobt
1095 3922 1159 3974 Eine
1169 3920 1231 3969 svci-
