2788 4486
173 261 232 326 128
414 296 418 302 ,
498 299 499 304 η
605 263 648 314 llll
667 260 804 315 noricus

170 413 408 494 ferocitatemque
428 415 491 477 eius
506 415 545 476 ita
558 415 714 495 repressit,
734 424 768 476 nt
781 414 864 476 facile
878 415 986 479 bellum
1002 414 1121 494 reliquis
1136 416 1234 476 trade-

170 507 222 562 ret.
269 499 342 561 Cum
369 499 456 580 igitur
480 507 560 562 taum
582 501 627 561 vis
652 500 849 574 instillarent,
870 507 902 561 ut
927 519 960 561 ea
980 499 1066 562 etiam
1086 499 1235 562 latronum

170 602 242 663 opes
258 584 354 644 firmet
368 592 453 664 atque
469 593 580 664 augeat,
600 594 739 664 quantam
753 587 817 646 eius
832 585 892 646 vim
904 584 981 646 inter
995 584 1072 665 leges
1087 596 1115 646 et
1129 585 1234 647 indicia

54 730 59 738 s
113 668 153 729 12
171 676 200 729 et
214 668 244 730 in
260 669 463 732 constituta-re
477 669 592 749 publiea
607 672 670 730 lore
682 667 845 749 putamus?
870 669 940 730 Mihi
953 669 1071 749 quidem
1082 687 1144 732 non
1156 671 1235 749 apud

117 763 149 814 41
172 753 273 814 llcdos
290 753 397 826 solnm,
413 765 447 816 ut
462 754 501 814 ait
515 754 693 830 Herodotus,
708 756 759 816 sed
775 755 861 817 etiam
878 755 955 835 apud
970 753 1096 816 maiores
1111 765 1234 816 nostros

95 868 97 876 v
137 837 295 900 iustitiae
314 838 453 900 fruendae
473 856 559 900 cansa
575 839 709 917 ridentur
729 839 798 900 olim
813 839 887 900 bene
901 839 1009 920 morati
1022 857 1106 919 reges
1122 841 1234 907 eonsti-

30 937 33 947 ’
132 943 136 952 ’
169 921 234 984 tuti.
265 921 340 984 Nam
360 940 427 984 cum
446 933 631 1002 premeretur
648 924 731 985 initio
753 924 909 984 multitudo
924 924 960 986 ab
976 924 1025 998 iis,
1041 924 1091 1004 qni
1107 924 1233 985 maiores

138 1007 144 1018 “
171 1025 243 1086 opes
263 1007 421 1081 habebant,
441 1008 477 1070 ad
492 1026 585 1070 uuum
601 1009 725 1088 aliquem
742 1008 948 1087 confugiebant
962 1008 1067 1070 virtute
1079 1017 1234 1088 praestan-

169 1100 243 1165 tem,
269 1091 317 1170 qui
343 1109 410 1154 oum
436 1093 605 1172 prohiberet
621 1093 736 1155 iniuria
761 1093 923 1165 tenuiores,
950 1092 1092 1172 aequitate
1122 1093 1233 1155 consti-

169 1176 278 1259 tuenda
292 1195 428 1238 summos
444 1196 510 1238 cum
526 1178 634 1239 infimis
649 1179 713 1257 pari
728 1179 790 1240 iure
805 1177 954 1238 retinebat.
980 1178 1145 1257 Eademque
1157 1197 1232 1239 con·
1269 1221 1272 1226 -

117 1269 149 1320 42
172 1261 383 1322 stitnendarum
402 1261 497 1340 legum
519 1263 573 1324 fait
593 1281 681 1324 causa
701 1281 775 1343 quae
793 1281 905 1340 regum.
946 1261 995 1322 lus
1019 1263 1096 1322 enim
1116 1280 1233 1342 semper
1258 1291 1260 1295 ·

170 1352 214 1406 est
234 1346 397 1424 quaesitum
418 1347 579 1426 aequabile:
601 1366 695 1426 neque
715 1347 794 1408 enim
813 1347 895 1408 aliter
914 1355 992 1408 esset
1011 1346 1065 1407 ius.
1101 1346 1132 1428 ld
1155 1346 1181 1406 si
1197 1347 1233 1408 ab

169 1447 229 1505 uno
245 1430 323 1491 iusto
338 1439 366 1490 et
380 1431 459 1492 bono
477 1432 538 1492 viro
555 1432 820 1511 consequebantur,
844 1439 927 1492 erant
941 1450 976 1491 eo
994 1431 1138 1493 contenti:
1165 1447 1234 1492 cum

169 1515 198 1576 id
214 1515 313 1576 minus
334 1515 528 1594 contingeret,
555 1516 633 1596 leges
653 1526 723 1578 sunl
742 1517 887 1591 inventae,
913 1533 987 1595 quae
1007 1535 1074 1576 cum
1094 1516 1231 1578 omnibus

171 1617 289 1678 semper
312 1617 368 1660 una
393 1608 478 1680 atque
502 1603 602 1662 eadem
624 1621 694 1662 voce
714 1601 911 1680 loquerentur.
940 1600 1019 1678 Ergo
1040 1602 1098 1661 hoc
1113 1600 1233 1680 quidem

170 1683 359 1764 perspicuum
379 1693 436 1756 est,
456 1703 507 1745 eos
528 1687 564 1746 ad
584 1685 790 1764 imperandum
810 1685 893 1764 deligi
913 1684 1029 1759 solitos,
1048 1704 1175 1765 quorum
1197 1686 1234 1746 dc

170 1768 278 1830 iustitia
294 1785 398 1847 magna
412 1777 490 1830 esset
505 1770 605 1849 opinio
621 1771 825 1832 multitudinis.
855 1770 999 1832 Adiuncto
1014 1789 1082 1831 vero
1098 1777 1130 1830 ut
1145 1770 1232 1830 iidem

135 1923 139 1932 ⁸
171 1853 259 1914 etiam
274 1854 434 1932 prudentes
449 1854 634 1930 haberentur,
651 1855 723 1916 nihil
739 1864 800 1917 erat
815 1853 895 1934 quod
907 1854 1042 1915 homines
1055 1855 1090 1916 iis
1103 1855 1232 1916 auctori-

171 1937 226 1998 bus
246 1955 306 1997 non
326 1940 576 2018 posse-consequi
596 1959 628 2000 se
648 1940 866 2003 arbitrarennu.
909 1939 996 2000 Omni
1016 1939 1103 2019 igitur
1121 1940 1233 2000 ratione

172 2021 292 2082 colenda
313 2029 339 2081 et
359 2022 509 2084 retinenda
521 2022 632 2086 iustitia
651 2031 696 2085 est
716 2043 783 2085 cum
802 2025 867 2104 ipsa
887 2042 940 2104 per
960 2041 1026 2084 sese
1040 2059 1081 2068 --
1096 2042 1165 2084 nam
1180 2023 1232 2084 ali-

171 2113 217 2166 ter
235 2105 343 2166 iustitia
357 2124 419 2167 non
434 2115 511 2168 esset
525 2143 566 2154 —-
583 2117 645 2170 tum
659 2117 782 2188 propter
797 2107 1052 2188 amplificationem
1066 2108 1190 2174 honoris
1205 2118 1233 2170 et

171 2190 289 2269 gloriae.
815 2206 820 2215 ·

258 2274 316 2337 Sed
348 2281 380 2336 ut
409 2276 547 2354 pecuniae
573 2295 635 2338 non
662 2279 841 2356 quaerendae
871 2273 969 2340 solum
994 2278 1152 2359 raticosa,
1168 2299 1232 2361 Ase-

172 2379 239 2421 rnm
258 2359 345 2420 etiam
363 2360 549 2423 collocandae
570 2381 643 2442 quae
661 2371 822 2445 perpetuos
842 2354 978 2444 sumptus
998 2353 1233 2443 suppeditet'nec

209 2537 260 2596 12.
278 2545 319 2594 41.
339 2550 370 2596 nl
385 2548 422 2596 aa
437 2546 593 2600 Herodotus:
606 2546 629 2612 l,
643 2547 675 2598 96
730 2551 812 2600 machi
823 2550 918 2598 werde.

172 2629 230 2663 vom
242 2613 357 2664 Deinces.
639 2657 642 2664 ι
762 2617 911 2683 prohiberet
921 2618 1020 2666 daiam
1029 2621 1157 2668 tenuiores
1167 2615 1233 2665 kann

208 2684 269 2733 bene
280 2685 377 2734 morati
383 2697 460 2746 reges
470 2687 609 2735 constituti.
624 2681 674 2734 Cic.
730 2683 871 2746 abgcselren
881 2697 929 2730 voa
940 2683 993 2732 dem
1004 2683 1232 2745 Zusommeohaoge

173 2749 247 2800 leitet
263 2750 316 2799 also
335 2751 374 2800 die
387 2749 546 2816 Entstehuug
565 2752 608 2802 des
621 2749 675 2801 liii-
730 2751 802 2800 einen
819 2749 952 2816 doppeltcn
974 2749 1034 2798 Sion
1056 2750 1142 2799 baben.
1170 2765 1195 2812 p.
1213 2751 1230 2799 l.

174 2818 298 2880 nigtliums
311 2818 418 2868 vender
431 2817 603 2884 Recblspllege
621 2820 674 2868 her.
730 2817 795 2868 Meo.
810 2818 832 2881 7,
852 2815 882 2866 13
899 2820 950 2867 erit
965 2818 1048 2882 pater
1063 2816 1231 2866 lemannum
1292 2859 1302 2876 ,
1383 2877 1384 2880 ¹

173 2885 254 2936 llioeo
276 2886 404 2935 iihulicben
424 2884 559 2937 Gedanlieo
583 2886 676 2950 spricbt
729 2890 965 2948 vestraemagaom
978 2899 1066 2934 colom
1079 2885 1170 2933 cladum
1181 2898 1230 2932 ou-
1301 2896 1306 2902 ·

173 2952 321 3004 Posidonius
344 2954 384 3004 bei
403 2952 497 3004 Seneca
515 2969 553 3018 ep.
571 2952 603 3000 90
620 2968 674 3016 aus,
729 2968 830 3004 merum
847 2951 993 3002 equalitate
1006 2952 1151 3068 probibere.
1181 2949 1231 2999 llo-

174 3037 205 3072 an
223 3023 270 3072 den
292 3022 343 3072 sich
362 3021 412 3072 Cic.
434 3022 474 3071 bei
495 3020 578 3070 dieser
594 3018 675 3069 Stelle
729 3035 809 3084 gogeu
820 3019 892 3068 Caes.
903 3019 926 3068 b.
933 3019 999 3071 Gall.
1017 3018 1073 3084 loo
1086 3019 1233 3070 alodiariu-

175 3090 287 3140 erionert
300 3105 331 3140 zo
347 3089 425 3140 baben
438 3088 543 3138 sobeint.
567 3085 676 3151 Illoigi·
729 3087 941 3153 ricalmalefica'a
954 3103 1105 3154 seruosque
1134 3087 1233 3139 rodibe-

174 3163 218 3210 ίαν
229 3158 342 3222 soeculo,
360 3156 428 3222 qood
436 3170 546 3208 aureum
556 3154 675 3222 perdide·
728 3159 793 3220 reat,
803 3155 861 3206 dass
872 3155 908 3205 sie
915 3155 1040 3205 abhiclten
1050 3171 1106 3205 vom
1114 3102 1233 3208 florebit.

175 3230 226 3291 ior,
237 3243 315 3295 peaes
327 3223 553 3292 sopienteasoisea
564 3237 675 3287 regnem
759 3226 823 3290 pald
837 3226 895 3274 iure
914 3226 1052 3286 reboabat,
1067 3223 1120 3274 di.
1141 3222 1233 3274 erhielt

174 3294 329 3346 Posidonius
341 3289 444 3342 iudicat.
467 3290 500 3340 Hi
513 3292 677 3342 emanabant
728 3291 999 3355 ioReobtsgleiehbeit.
1023 3291 1056 3342 So
1068 3293 1132 3344 wird
1150 3291 1234 3356 lriinlig

174 3378 267 3414 mmor
279 3365 305 3411 at
315 3359 471 3426 abflmnicraa
482 3373 499 3408 a
509 3357 674 3412 eadmerum
729 3363 837 3412 roacare
846 3363 872 3410 et
880 3375 985 3412 screare
995 3361 1155 3422 verbunden
1170 3357 1233 3426 §.83

175 3431 320 3480 tuebantur.
332 3423 575 3494 ——Scdpoetqucm
586 3429 676 3479 subre-
728 3443 779 3480 noo
802 3427 916 3480 decadem
938 3432 1015 3496 atqie
1037 3445 1125 3481 omues
1145 3429 1234 3480 odem

173 3499 292 3565 pentibus
303 3495 371 3544 sitris
382 3496 408 3544 oa
421 3495 581 3561 tyrmaidem
592 3511 675 3562 aegon
727 3499 854 3563 aequitate
873 3500 1003 3548 condam
1024 3497 1058 3549 ist
1082 3498 1150 3549 nieht
1169 3511 1233 3560 ganz

174 3565 326 3627 certarunt,
337 3577 400 3630 apua
409 3579 466 3630 cosa
475 3567 560 3630 coepit
570 3563 674 3630 legebus,
727 3563 852 3614 dosselbe.

175 3647 237 3698 quae
249 3634 276 3681 et
285 3632 357 3698 ipsae
368 3631 437 3682 irater
453 3632 529 3682 initio
540 3631 621 3682 tulere
633 3647 675 3682 so·
763 3631 804 3682 42.
826 3648 887 3682 navo
898 3632 985 3684 aliter:
997 3649 1071 3684 wana
1081 3635 1117 3683 sie
1127 3631 1232 3682 oiimliclr

173 3697 675 3818 attollilalllilillidi
728 3699 793 3816 lb
809 3701 854 3817 ‘¹3⁸
870 3700 1000 3819 iiiiii}
1014 3716 1107 3818 llll
1124 3700 1187 3816 ⁸1⁰⁹?
1188 3706 1232 3815 “ll

175 3833 237 3885 elren
250 3835 384 3897 augeliibrt
397 3783 470 3898 wirdl:
482 3835 528 3884 der
538 3851 578 3885 nan
592 3835 676 3886 sciner
729 3805 1002 3887 iiberdasdonaitmn.
1042 3784 1058 3831 g
1144 3805 1150 3830 ²
1182 3804 1188 3830 ’

176 3900 337 3967 Tiicbtigkeit
354 3902 438 3953 willer
456 3919 511 3954 zum
527 3900 610 3968 lib'mg
630 3918 675 3968 ge-
760 3901 1232 3973 perpetuocsumptuqlauleodedus·
