2734 4478
524 292 616 346 uren.
642 289 712 344 mr.
726 289 767 341 31.
780 287 821 339 aa.
1163 296 1203 360 83

138 450 171 511 Ρ.
187 449 220 511 F.
236 447 267 508 in
282 447 345 509 iure
359 445 446 522 civili,
463 447 553 510 Paulli
568 447 645 509 filius
660 445 814 509 Africanus
830 443 861 506 in
877 463 909 507 ro
924 445 1048 508 militari.
1080 448 1205 521 Quidam

139 541 238 596 autem
253 534 289 594 ad
305 552 353 596 eas
368 533 480 608 laudes,
496 551 568 614 quas
583 534 745 614 apatribus
756 539 937 610 acceperunt,
953 533 1066 594 addunt
1079 533 1204 615 aliquam

139 637 239 693 suam,
258 625 292 680 ut
305 619 354 679 bic
371 619 450 680 idem
464 619 619 680 Africanus
641 617 805 699 eloquentia
823 617 978 678 cumulavit
992 617 1121 680 bellicam
1139 621 1205 699 glo-

138 705 227 777 riam,
247 703 327 783 qucd
348 703 425 765 idem
446 705 513 766 iecit
528 704 702 776 Timotheus
718 701 850 764 Cononis
873 701 963 777 lilius,
985 703 1034 783 qui
1055 721 1122 765 cum
1137 705 1204 767 beli

137 789 223 850 laude
238 806 301 849 non
315 789 436 850 inferior
451 791 555 852 luisset
569 808 655 870 quam
671 798 766 870 pater,
787 789 821 848 ad
843 806 906 848 eam
922 789 1039 850 laudem
1054 789 1204 852 doctrinae

138 881 169 935 et
179 873 288 952 ingenii
299 875 422 954 gloriam
434 874 545 936 adiecit.
568 875 615 937 Fit
625 883 722 936 autem
731 873 881 935 interdum
892 880 998 934 utnon
1010 873 1082 934 nulli
1094 875 1205 938 omissa

138 958 299 1020 imitatione
323 959 469 1022 maiorum
497 979 585 1022 suum
610 959 758 1040 quoddam
788 957 954 1020 institutum
979 969 1204 1038 cousequantur,

137 1044 322 1123 maximeque
336 1045 368 1105 in
382 1063 418 1105 eo
433 1045 606 1125 plerumque
621 1045 770 1107 elaborant
784 1043 813 1118 ii,
831 1043 879 1123 qui
896 1061 1002 1123 magna
1016 1043 1073 1106 sibi
1088 1063 1202 1126 propo·

138 1139 213 1190 nunt
238 1129 373 1191 obscuris
393 1131 450 1191 orti
471 1130 641 1192 maioribus.
681 1131 758 1191 Haec
776 1129 865 1207 igitur
890 1129 1000 1202 omnia,
1026 1147 1093 1190 cum
1113 1147 1202 1209 quae-
1227 1145 1273 1195 117

137 1214 231 1274 rimus
246 1215 314 1293 quid
330 1215 438 1290 deceat,
453 1216 607 1296 complecti
623 1217 721 1278 animo
737 1223 766 1275 et
781 1212 955 1293 cogitatione
969 1214 1163 1282 dehemuM

223 1297 256 1359 ln
272 1299 376 1378 primis
391 1308 487 1361 autem
501 1301 742 1363 constituendum
755 1307 799 1360 est
811 1313 887 1378 quos
903 1317 960 1359 noe
975 1307 1004 1359 ct
1019 1300 1120 1378 quales
1137 1319 1203 1361 esse

137 1383 259 1445 velimus
274 1393 303 1446 et
318 1385 349 1444 in
364 1404 422 1465 quo
440 1404 545 1464 genere
560 1386 640 1461 vitae,
655 1405 729 1466 quae
740 1383 909 1445 deliberatio
922 1390 967 1444 est
979 1385 1113 1445 omnium
1125 1385 1203 1446 diffi-

123 1516 128 1522 ,.
138 1467 251 1530 cillima.
281 1469 402 1532 Ineunte
416 1470 494 1532 enim
511 1471 718 1544 adulescentia,
739 1477 863 1531 comest
880 1468 1005 1530 maxima
1021 1468 1203 1531 imbecillitas

138 1554 266 1629 consilii,
289 1562 354 1616 tum
373 1555 403 1617 id
425 1555 479 1640 sibi
495 1555 619 1636 quisque
639 1573 733 1636 genus
753 1554 854 1632 aetatis
875 1553 1021 1632 degendae
1042 1553 1202 1628 constituit,

137 1639 217 1718 quod
232 1639 358 1700 maxime
373 1641 525 1702 adamavit.
556 1641 655 1721 ltaque
670 1651 736 1701 ante
757 1639 924 1718 implicatur
943 1639 1039 1718 aliquo
1056 1647 1135 1701 certo
1151 1657 1202 1719 ge-

135 1741 206 1785 nere
220 1741 369 1804 cursuque
379 1725 493 1786 vivendi
507 1725 705 1806 qtmmpotuit
716 1725 796 1804 quod
812 1724 958 1802 optimum
974 1732 1054 1785 esset
1065 1724 1200 1786 iudicare.

135 1809 210 1870 Nam
225 1810 306 1888 quod
320 1810 474 1871 Herodem
490 1809 634 1872 Prodicus
653 1809 737 1882 dicit,
758 1816 792 1870 ut
806 1817 851 1869 est
869 1808 947 1886 apud
962 1807 1200 1888 Xenophontem,
1225 1821 1271 1872 118

136 1913 204 1956 cum
221 1894 349 1974 primam
366 1894 553 1975 pubesceret,
574 1897 655 1974 quod
669 1904 786 1974 tempus
802 1913 818 1954 a
837 1900 941 1954 natura
960 1893 997 1954 ad
1017 1894 1203 1973 deligendum
1288 1911 1291 1918 ·

136 2059 183 2094 ner
203 2045 308 2099 Familie
328 2047 501 2114 eiubeimieeb,
519 2049 550 2099 de
565 2065 602 2098 or.
624 2047 642 2114 1,
695 2049 805 2110 istgunz
818 2046 962 2111 allgcmeio,
983 2046 1028 2096 das
1041 2047 1204 2112 zweitegcbt

136 2113 177 2178 57,
190 2113 239 2163 244
255 2117 311 2182 ipae
322 2113 363 2165 ille
375 2114 477 2166 Mucius
486 2119 593 2183 patenti
601 2120 642 2167 iu·
696 2115 845 2166 nomentlicb
863 2113 908 2164 auf
917 2114 956 2163 die
971 2114 1098 2164 sittlicben
1110 2113 1203 2178 Eigen-

134 2183 173 2232 rie
182 2181 305 2247 defensor
313 2185 642 2253 etqunripatrtmom'e'pro-
696 2181 817 2234 ecbalten.

151 2253 275 2316 regnator.
290 2250 328 2301 Er
336 2251 490 2302 beerbeibete
500 2259 589 2303 zuerst
598 2253 643 2302 das
730 2251 838 2302 Ineunte
853 2249 1033 2300 aduleemtia.
1058 2251 1131 2300 duob
1146 2251 1201 2304 bler

131 2265 216 2368 boeot
225 2319 415 2382 systematiscb3
426 2319 571 2384 silenttl,
584 2319 641 2370 152.
694 2319 739 2368 bat
749 2318 799 2370 (lic.
817 2333 868 2382 nm¹
881 2319 921 2368 die
942 2319 1092 2368 voruebmcn
1109 2318 1202 2368 lldmer

134 2383 207 2436 Nocti
218 2385 275 2433 dem
287 2383 356 2435 'lodo
369 2387 414 2436 dee
423 2385 511 2450 Aufflrr
520 2387 643 2439 Scaevola
695 2387 728 2436 im
741 2387 830 2451 Since,
850 2385 889 2436 die
900 2386 954 2450 sich
971 2386 995 2433 in
1013 2386 1059 2434 der
1071 2385 1139 2450 Zeit,
1160 2401 1200 2436 wo

135 2452 237 2501 scbloes
249 2451 302 2500 sich
314 2451 402 2502 Cicero
414 2468 444 2503 an
458 2455 499 2503 ilm
511 2470 551 2505 an.
696 2454 733 2504 sie
750 2455 790 2504 die
812 2453 965 2518 tegumentis
985 2453 1114 2520 aolegten,
1136 2471 1159 2503 z.
1172 2455 1200 2504 B.

62 2571 66 2579 .
168 2520 331 2584 Africanus.-
353 2519 422 2570 brut.
440 2519 486 2585 21,
504 2521 536 2572 82
556 2524 603 2574 aad
614 2524 641 2575 0.
693 2519 1201 2586 loirdenliriegsdienetoderdiejuristi·

132 2586 238 2638 mouns
260 2591 287 2636 et
306 2586 336 2637 1².
356 2589 500 2653 Asttccrrue
522 2593 641 2660 rieprr'rrnfs
695 2591 754 2640 sebe
766 2589 1093 2654 Tbtitigkeiteotscbiedeu.

132 2655 292 2722 eloquentes,
310 2670 419 2722 quornm
435 2661 529 2708 eareat
543 2662 641 2711 oratt‘o-
730 2657 788 2707 118.
800 2657 932 2708 Herculem
942 2657 1068 2708 hodiem
1077 2658 1154 2708 dicet:
1171 2675 1199 2708 so

131 2739 229 2842 uespere
237 2725 641 2841 qmbupecprbttmumdeingenite
694 2725 854 2843 {tdppnbplrpg
881 2726 941 2842 nalclb
966 2725 1139 2844 dppmbpparpi
1157 2727 1208 2778 der.

133 2806 374 2844 oraorumoee.
727 2809 783 2843 en
845 2807 879 2842 ee.
929 2807 970 2843 ere
1079 2809 1109 2844 re

170 2807 333 2912 l'imotbdne:
356 2860 388 2910 de
401 2875 438 2910 or.
462 2859 508 2926 ΠΙ,
527 2862 572 2928 321,
592 2861 640 2912 1³9
693 2861 764 2912 dicit.
805 2860 858 2911 Der
881 2860 983 2926 Sopbist
1005 2811 1203 2912 Prodstusgppp

131 2928 224 2979 alcime
239 2929 324 2993 igitur
338 2929 438 2979 ortidm
452 2930 519 2980 buno
533 2930 642 2980 Dicerem
692 2927 762 2980 lleoe
775 2930 843 2979 batte
856 2929 897 2978 die
910 2929 992 2992 Frage
1004 2929 1069 2979 iiber
1079 2929 1201 2982 denver-

131 2994 344 3058 metindtl'lato,
365 2996 423 3046 alais
442 2995 570 3050 leocrates
590 2998 641 3050 ela-
695 3013 744 3061 zug
764 2999 810 3047 der
826 2995 931 3060 Tugend
953 2998 1015 3047 oder
1034 2997 1156 3049 derLust
1177 2999 1201 3048 in

131 3067 264 3117 mertuum
282 3067 365 3114 mrum
384 3062 544 3118 Timotheum
560 3066 641 3118 Cono-
695 3065 774 3116 einen
791 3065 897 3128 Dialoge'
917 3066 1078 3130 largestellt,
1099 3068 1123 3116 in
1145 3067 1202 3118 dem

131 3135 173 3183 nir
181 3134 407 3196 praestantissime*
413 3135 579 3202 imperatoria
585 3134 642 3201 flli-
694 3133 766 3183 beide
778 3134 886 3198 ltegrid'e
899 3133 1068 3199 persenilieirt
1078 3133 1201 3185 Hercules

132 3216 191 3263 um,
213 3215 344 3251 mentem
358 3203 445 3269 iprum
458 3204 641 3269 imperatorem
694 3201 741 3251 aul
760 3202 815 3251 ibre
836 3201 906 3252 Seite
931 3217 962 3250 nu
987 3203 1075 3251 nioben
1094 3203 1200 3262 scobem

134 3268 505 3334 bormitemquedoctt'set‘mmu.
583 3321 587 3328 ,
694 3268 894 3334 ΧοιιορΙΜηοω.
908 3267 936 3334 11,
952 3270 974 3319 1.
1003 3269 1201 3320 Dicaerllercu·

169 3341 356 3402 consequantur
380 3337 414 3386 ist
436 3337 492 3387 bier
515 3337 641 3401 3161111110-
695 3337 764 3386 cules
777 3352 815 3387 em
829 3337 1006 3401 Scbeideweqe
1026 3337 1107 3387 beisst
1124 3339 1201 3388 daber

132 3403 242 3452 deutend
253 3404 297 3454 mit
309 3408 457 3471 aequantur,
469 3404 515 3470 15.
528 3405 542 3454 ³
556 3406 640 3456 elabo-
694 3404 817 3454 Hercules
827 3404 1019 3471 Xenophontium
1033 3406 1200 3456 oder-Socra-

131 3474 208 3522 roret
220 3477 426 3538 sequereturque.
456 3472 483 3522 ln
496 3473 640 3524 demSinne
694 3472 768 3522 ticos.
797 3472 942 3536 Uumdglicb
959 3473 1021 3523 aber
1040 3473 1133 3524 leonte
1147 3473 1199 3524 Cic.

131 3538 167 3590 iet
179 3542 301 3606 consequi
316 3541 385 3591 nicbt
396 3541 478 3591 seltcn
494 3540 640 3605 gebo-auem,
695 3540 836 3605 sobraiben,
855 3541 902 3589 wic
916 3541 941 3589 in
954 3541 1001 3590 den
1014 3542 1121 3592 meister
1133 3543 1199 3592 Ans-

130 3606 154 3671 ξ.
170 3606 226 3656 153.
253 3608 324 3658 llrut.
338 3607 377 3675 83,
392 3607 440 3658 287
463 3613 515 3659 tom
531 3611 558 3658 tn
574 3612 639 3676 ipro,
695 3608 774 3670 geben
796 3610 874 3658 steht:
898 3609 1031 3659 Herculem
1051 3610 1200 3661 Prodtca'um

131 3691 207 3739 quom
219 3679 302 3726 nemen
316 3679 490 3742 eoneeqm‘tur,
510 3678 640 3728 conetnnt'-
694 3676 887 3741 dicentemeem
900 3691 956 3726 man
967 3678 1128 3728 erztihltvom
1135 3677 1198 3727 ller-

132 3745 184 3792 tate
204 3743 313 3810 puerile.
350 3744 380 3794 de
398 3751 448 3795 nat.
466 3745 491 3794 d.
509 3743 530 3806 1,
551 3744 590 3808 15,
606 3745 637 3795 41
694 3744 764 3794 coles
776 3745 821 3794 des
830 3744 964 3809 Prodicus,
982 3747 1040 3796 dass
1057 3761 1086 3795 er
1097 3746 1199 3796 binous-

132 3809 212 3871 Oneon
234 3810 425 3878 (Chrysippum)
446 3812 573 3878 Diogenes
587 3811 639 3863 Ba·
693 3827 822 3876 gegangeu
836 3813 886 3874 oci3
905 3814 943 3864 als
956 3814 986 3862 ob
999 3829 1028 3863 er
1043 3814 1089 3862 den
1103 3813 1199 3864 llercu-

132 3877 249 3944 bplom‘us
262 3883 458 3946 consequentum
470 3895 500 3931 eo
512 3881 576 3931 labro
593 3885 638 3930 cet.
692 3879 731 3929 les
752 3871 797 3930 d'ee
816 3881 936 3931 Prodicus
959 3897 1007 3931 nur
1027 3896 1084 3933 vom
1101 3882 1198 3932 lldren-

158 3945 225 4018 ¹lt'l.
247 3963 310 4013 quoe
328 3952 355 3998 et
374 3947 475 4015 quoles:
502 3948 547 4008 dus
569 3955 638 3998 crete
693 3949 885 4012 sagenkdnote.

960 4032 998 4085 6*
