<?xml version="1.0" encoding="UTF-8"?>
<!DOCTYPE html PUBLIC "-//W3C//DTD XHTML 1.0 Transitional//EN"
    "http://www.w3.org/TR/xhtml1/DTD/xhtml1-transitional.dtd">
<html xmlns="http://www.w3.org/1999/xhtml" xml:lang="en" lang="en">
 <head>
  <title>
</title>
<meta http-equiv="Content-Type" content="text/html;charset=utf-8" />
  <meta name='ocr-system' content='tesseract 3.04.00' />
  <meta name='ocr-capabilities' content='ocr_page ocr_carea ocr_par ocr_line ocrx_word'/>
</head>
<body>
  <div class='ocr_page' id='page_1' title='image "./mtulliiciceroni00heingoog_0193.png"; bbox 0 0 2788 4486; ppageno 0'>
   <div class='ocr_carea' id='block_1_1' title="bbox 505 260 1275 370">
    <p class='ocr_par' dir='ltr' id='par_1_1' title="bbox 430 260 1275 370">
     <span class='ocr_line' id='line_1_1' title="bbox 505 260 1275 370; baseline 0.008 -7.379"><span class='ocrx_word' id='word_1_1' title='bbox 505 307 619 361; x_wconf 79' lang='grc'><strong>66666.</strong></span> <span class='ocrx_word' id='word_1_2' title='bbox 646 309 716 360; x_wconf 82' lang='lat' dir='ltr'>cnr.</span> <span class='ocrx_word' id='word_1_3' title='bbox 730 309 769 360; x_wconf 79' lang='lat'>15.</span> <span class='ocrx_word' id='word_1_4' title='bbox 784 309 824 360; x_wconf 83' lang='lat' dir='ltr'>rc.</span> <span class='ocrx_word' id='word_1_5' title='bbox 1133 307 1192 370; x_wconf 83' lang='lat'>189</span> <span class='ocrx_word' id='word_1_6' title='bbox 1268 260 1275 270; x_wconf 32' lang='grc'>’</span> 
     </span>
    </p>
   </div>
   <div class='ocr_carea' id='block_1_2' title="bbox 34 461 1322 1999">
    <p class='ocr_par' dir='ltr' id='par_1_2' title="bbox 135 461 1322 1912">
     <span class='ocr_line' id='line_1_2' title="bbox 137 461 1193 545; baseline -0.005 -19"><span class='ocrx_word' id='word_1_7' title='bbox 137 461 246 545; x_wconf 89' lang='lat' dir='ltr'>psisse,</span> <span class='ocrx_word' id='word_1_8' title='bbox 263 482 350 544; x_wconf 91' lang='lat' dir='ltr'>quam</span> <span class='ocrx_word' id='word_1_9' title='bbox 365 471 441 526; x_wconf 87' lang='lat' dir='ltr'>essct</span> <span class='ocrx_word' id='word_1_10' title='bbox 456 463 491 526; x_wconf 91' lang='lat' dir='ltr'>ab</span> <span class='ocrx_word' id='word_1_11' title='bbox 507 465 664 544; x_wconf 82' lang='lat' dir='ltr'>auguribus</span> <span class='ocrx_word' id='word_1_12' title='bbox 680 463 816 526; x_wconf 80' lang='lat' dir='ltr'>demoliri</span> <span class='ocrx_word' id='word_1_13' title='bbox 830 463 943 536; x_wconf 92' lang='lat' dir='ltr'>iussus,</span> <span class='ocrx_word' id='word_1_14' title='bbox 958 461 1098 523; x_wconf 90' lang='lat' dir='ltr'>arbitrum</span> <span class='ocrx_word' id='word_1_15' title='bbox 1113 461 1193 522; x_wconf 91' lang='lat' dir='ltr'>illum</span> 
     </span>
     <span class='ocr_line' id='line_1_3' title="bbox 137 549 1193 630; baseline -0.006 -18"><span class='ocrx_word' id='word_1_16' title='bbox 137 549 246 630; x_wconf 82' lang='lat' dir='ltr'>adegit,</span> <span class='ocrx_word' id='word_1_17' title='bbox 272 567 413 618; x_wconf 82' lang='lat' dir='ltr'>unrocum</span> <span class='ocrx_word' id='word_1_18' title='bbox 438 570 496 612; x_wconf 81' lang='lat' dir='ltr'>sier</span> <span class='ocrx_word' id='word_1_19' title='bbox 522 571 597 612; x_wconf 83' lang='grc'><strong>6666</strong></span> <span class='ocrx_word' id='word_1_20' title='bbox 623 569 737 611; x_wconf 74' lang='lat' dir='ltr'>sicana</span> <span class='ocrx_word' id='word_1_21' title='bbox 763 568 939 610; x_wconf 80' lang='grc'><strong>6666666666</strong></span> <span class='ocrx_word' id='word_1_22' title='bbox 959 567 997 608; x_wconf 78' lang='lat' dir='ltr'>ex</span> <span class='ocrx_word' id='word_1_23' title='bbox 1017 565 1085 610; x_wconf 81' lang='lat' dir='ltr'>vinu</span> <span class='ocrx_word' id='word_1_24' title='bbox 1105 566 1193 608; x_wconf 78' lang='lat' dir='ltr'>nona.</span> 
     </span>
     <span class='ocr_line' id='line_1_4' title="bbox 136 631 1193 713; baseline -0.005 -17"><span class='ocrx_word' id='word_1_25' title='bbox 136 635 172 696; x_wconf 92' lang='lat' dir='ltr'>M.</span> <span class='ocrx_word' id='word_1_26' title='bbox 190 634 259 696; x_wconf 91' lang='lat' dir='ltr'>Cato</span> <span class='ocrx_word' id='word_1_27' title='bbox 279 635 458 698; x_wconf 87' lang='lat' dir='ltr'>sententiam</span> <span class='ocrx_word' id='word_1_28' title='bbox 473 635 558 710; x_wconf 80' lang='lat' dir='ltr'>dixit,</span> <span class='ocrx_word' id='word_1_29' title='bbox 578 635 666 697; x_wconf 91' lang='lat' dir='ltr'>huius</span> <span class='ocrx_word' id='word_1_30' title='bbox 685 635 781 698; x_wconf 83' lang='lat' dir='ltr'><strong>nostri</strong></span> <span class='ocrx_word' id='word_1_31' title='bbox 799 634 917 697; x_wconf 89' lang='lat' dir='ltr'>Catonis</span> <span class='ocrx_word' id='word_1_32' title='bbox 938 642 1027 713; x_wconf 89' lang='lat' dir='ltr'>pater.</span> <span class='ocrx_word' id='word_1_33' title='bbox 1058 633 1097 694; x_wconf 92' lang='lat' dir='ltr'>Ut</span> <span class='ocrx_word' id='word_1_34' title='bbox 1115 631 1193 692; x_wconf 89' lang='lat' dir='ltr'>enim</span> 
     </span>
     <span class='ocr_line' id='line_1_5' title="bbox 137 717 1195 801; baseline -0.008 -17"><span class='ocrx_word' id='word_1_35' title='bbox 137 721 224 784; x_wconf 89' lang='lat' dir='ltr'>ceteri</span> <span class='ocrx_word' id='word_1_36' title='bbox 239 741 273 782; x_wconf 84' lang='lat' dir='ltr'>ex</span> <span class='ocrx_word' id='word_1_37' title='bbox 287 721 434 800; x_wconf 86' lang='lat' dir='ltr'>patribus,</span> <span class='ocrx_word' id='word_1_38' title='bbox 453 721 496 782; x_wconf 89' lang='lat' dir='ltr'>sie</span> <span class='ocrx_word' id='word_1_39' title='bbox 509 721 570 796; x_wconf 91' lang='lat' dir='ltr'>hic,</span> <span class='ocrx_word' id='word_1_40' title='bbox 586 721 636 801; x_wconf 90' lang='lat' dir='ltr'>qui</span> <span class='ocrx_word' id='word_1_41' title='bbox 649 721 719 783; x_wconf 90' lang='lat' dir='ltr'>illud</span> <span class='ocrx_word' id='word_1_42' title='bbox 733 721 831 782; x_wconf 92' lang='lat' dir='ltr'>lumen</span> <span class='ocrx_word' id='word_1_43' title='bbox 846 719 1011 800; x_wconf 80' lang='lat' dir='ltr'>progenuit,</span> <span class='ocrx_word' id='word_1_44' title='bbox 1027 737 1062 778; x_wconf 83' lang='lat' dir='ltr'>ex</span> <span class='ocrx_word' id='word_1_45' title='bbox 1075 717 1134 778; x_wconf 87' lang='lat' dir='ltr'>sdic</span> <span class='ocrx_word' id='word_1_46' title='bbox 1150 725 1195 777; x_wconf 89' lang='lat' dir='ltr'>cst</span> 
     </span>
     <span class='ocr_line' id='line_1_6' title="bbox 135 801 1247 886; baseline -0.004 -19"><span class='ocrx_word' id='word_1_47' title='bbox 135 805 343 868; x_wconf 86' lang='lat' dir='ltr'>nominandus.</span> <span class='ocrx_word' id='word_1_48' title='bbox 373 807 402 868; x_wconf 93' lang='lat' dir='ltr'>Is</span> <span class='ocrx_word' id='word_1_49' title='bbox 417 806 504 886; x_wconf 78' lang='lat' dir='ltr'>igitur</span> <span class='ocrx_word' id='word_1_50' title='bbox 517 807 602 869; x_wconf 83' lang='lat' dir='ltr'>iudex</span> <span class='ocrx_word' id='word_1_51' title='bbox 616 807 655 868; x_wconf 89' lang='lat' dir='ltr'>ita</span> <span class='ocrx_word' id='word_1_52' title='bbox 674 805 892 886; x_wconf 81' lang='lat' dir='ltr'>pronunciavit,</span> <span class='ocrx_word' id='word_1_53' title='bbox 912 811 992 866; x_wconf 83' lang='lat' dir='ltr'>‘curn</span> <span class='ocrx_word' id='word_1_54' title='bbox 1012 804 1043 864; x_wconf 93' lang='lat' dir='ltr'>in</span> <span class='ocrx_word' id='word_1_55' title='bbox 1061 801 1193 864; x_wconf 87' lang='lat' dir='ltr'>vendun-</span> <span class='ocrx_word' id='word_1_56' title='bbox 1241 864 1247 880; x_wconf 37' lang='grc' dir='ltr'><strong><em>Ι</em></strong></span> 
     </span>
     <span class='ocr_line' id='line_1_7' title="bbox 136 856 1322 971; baseline -0.008 -18"><span class='ocrx_word' id='word_1_57' title='bbox 136 891 174 954; x_wconf 91' lang='lat' dir='ltr'>do</span> <span class='ocrx_word' id='word_1_58' title='bbox 199 911 263 953; x_wconf 88' lang='lat' dir='ltr'>rem</span> <span class='ocrx_word' id='word_1_59' title='bbox 286 893 479 955; x_wconf 77' lang='lat' dir='ltr'>eam&#39;scisset</span> <span class='ocrx_word' id='word_1_60' title='bbox 503 899 532 953; x_wconf 77' lang='lat' dir='ltr'>e&#39;t</span> <span class='ocrx_word' id='word_1_61' title='bbox 553 911 615 954; x_wconf 89' lang='lat' dir='ltr'>non</span> <span class='ocrx_word' id='word_1_62' title='bbox 638 890 877 971; x_wconf 80' lang='lat' dir='ltr'>pronunciasset,</span> <span class='ocrx_word' id='word_1_63' title='bbox 898 889 1030 970; x_wconf 88' lang='lat' dir='ltr'>emptori</span> <span class='ocrx_word' id='word_1_64' title='bbox 1054 888 1193 949; x_wconf 90' lang='lat' dir='ltr'>damnum</span> <span class='ocrx_word' id='word_1_65' title='bbox 1207 856 1322 942; x_wconf 48' lang='grc'><strong>,6666</strong></span> 
     </span>
     <span class='ocr_line' id='line_1_8' title="bbox 135 973 1246 1058; baseline -0.005 -20"><span class='ocrx_word' id='word_1_66' title='bbox 135 977 277 1058; x_wconf 89' lang='lat' dir='ltr'>praestari</span> <span class='ocrx_word' id='word_1_67' title='bbox 297 977 452 1057; x_wconf 66' lang='lat' dir='ltr'>oportere!</span> <span class='ocrx_word' id='word_1_68' title='bbox 480 979 557 1057; x_wconf 84' lang='lat' dir='ltr'>Ergo</span> <span class='ocrx_word' id='word_1_69' title='bbox 578 979 614 1039; x_wconf 95' lang='lat' dir='ltr'>ad</span> <span class='ocrx_word' id='word_1_70' title='bbox 633 978 721 1038; x_wconf 88' lang='lat' dir='ltr'>fidem</span> <span class='ocrx_word' id='word_1_71' title='bbox 740 977 848 1052; x_wconf 85' lang='lat' dir='ltr'>bonam</span> <span class='ocrx_word' id='word_1_72' title='bbox 864 975 964 1038; x_wconf 90' lang='lat' dir='ltr'>statuit</span> <span class='ocrx_word' id='word_1_73' title='bbox 978 973 1122 1055; x_wconf 84' lang='lat' dir='ltr'>pertinere</span> <span class='ocrx_word' id='word_1_74' title='bbox 1136 991 1193 1034; x_wconf 90' lang='lat' dir='ltr'>no·</span> <span class='ocrx_word' id='word_1_75' title='bbox 1215 989 1246 1040; x_wconf 79' lang='lat' dir='ltr'>ev</span> 
     </span>
     <span class='ocr_line' id='line_1_9' title="bbox 135 1059 1195 1144; baseline -0.005 -20"><span class='ocrx_word' id='word_1_76' title='bbox 135 1071 198 1124; x_wconf 89' lang='lat' dir='ltr'>tum</span> <span class='ocrx_word' id='word_1_77' title='bbox 218 1083 285 1125; x_wconf 89' lang='lat' dir='ltr'>esse</span> <span class='ocrx_word' id='word_1_78' title='bbox 304 1063 432 1144; x_wconf 90' lang='lat' dir='ltr'>emptori</span> <span class='ocrx_word' id='word_1_79' title='bbox 450 1063 565 1136; x_wconf 89' lang='lat' dir='ltr'>vitium,</span> <span class='ocrx_word' id='word_1_80' title='bbox 587 1063 665 1142; x_wconf 91' lang='lat' dir='ltr'>quod</span> <span class='ocrx_word' id='word_1_81' title='bbox 683 1069 788 1124; x_wconf 89' lang='lat' dir='ltr'>nosset</span> <span class='ocrx_word' id='word_1_82' title='bbox 805 1063 946 1126; x_wconf 89' lang='lat' dir='ltr'>venditor.</span> <span class='ocrx_word' id='word_1_83' title='bbox 977 1060 1064 1134; x_wconf 84' lang='lat' dir='ltr'>Quod</span> <span class='ocrx_word' id='word_1_84' title='bbox 1079 1059 1195 1120; x_wconf 90' lang='lat' dir='ltr'>sirecte</span> 
     </span>
     <span class='ocr_line' id='line_1_10' title="bbox 135 1144 1194 1224; baseline -0.005 -14"><span class='ocrx_word' id='word_1_85' title='bbox 135 1148 285 1222; x_wconf 90' lang='lat' dir='ltr'>iudicavit,</span> <span class='ocrx_word' id='word_1_86' title='bbox 306 1166 368 1210; x_wconf 91' lang='lat' dir='ltr'>non</span> <span class='ocrx_word' id='word_1_87' title='bbox 386 1156 464 1210; x_wconf 90' lang='lat' dir='ltr'>recte</span> <span class='ocrx_word' id='word_1_88' title='bbox 483 1149 690 1211; x_wconf 86' lang='lat' dir='ltr'>frumentarius</span> <span class='ocrx_word' id='word_1_89' title='bbox 710 1148 770 1222; x_wconf 88' lang='lat' dir='ltr'>iile,</span> <span class='ocrx_word' id='word_1_90' title='bbox 790 1167 851 1210; x_wconf 92' lang='lat' dir='ltr'>non</span> <span class='ocrx_word' id='word_1_91' title='bbox 872 1155 950 1210; x_wconf 88' lang='lat' dir='ltr'>reete</span> <span class='ocrx_word' id='word_1_92' title='bbox 969 1145 1083 1208; x_wconf 88' lang='lat' dir='ltr'>aedium</span> <span class='ocrx_word' id='word_1_93' title='bbox 1102 1144 1194 1224; x_wconf 91' lang='lat' dir='ltr'>pesti-</span> 
     </span>
     <span class='ocr_line' id='line_1_11' title="bbox 135 1228 1195 1297; baseline -0.008 -1"><span class='ocrx_word' id='word_1_94' title='bbox 135 1234 259 1296; x_wconf 87' lang='lat' dir='ltr'>lentium</span> <span class='ocrx_word' id='word_1_95' title='bbox 279 1235 415 1296; x_wconf 91' lang='lat' dir='ltr'>venditor</span> <span class='ocrx_word' id='word_1_96' title='bbox 434 1235 531 1297; x_wconf 84' lang='lat' dir='ltr'>tacuit.</span> <span class='ocrx_word' id='word_1_97' title='bbox 567 1233 625 1295; x_wconf 88' lang='lat' dir='ltr'>Sed</span> <span class='ocrx_word' id='word_1_98' title='bbox 644 1234 734 1295; x_wconf 90' lang='lat' dir='ltr'>huius</span> <span class='ocrx_word' id='word_1_99' title='bbox 754 1233 834 1294; x_wconf 93' lang='lat' dir='ltr'>modi</span> <span class='ocrx_word' id='word_1_100' title='bbox 853 1231 1019 1295; x_wconf 83' lang='lat' dir='ltr'>reticentiae</span> <span class='ocrx_word' id='word_1_101' title='bbox 1038 1229 1100 1291; x_wconf 84' lang='lat' dir='ltr'>iure</span> <span class='ocrx_word' id='word_1_102' title='bbox 1120 1228 1195 1290; x_wconf 91' lang='lat' dir='ltr'>civili</span> 
     </span>
     <span class='ocr_line' id='line_1_12' title="bbox 137 1313 1305 1401; baseline -0.007 -19"><span class='ocrx_word' id='word_1_103' title='bbox 137 1339 242 1382; x_wconf 88' lang='lat' dir='ltr'>omnes</span> <span class='ocrx_word' id='word_1_104' title='bbox 262 1320 471 1400; x_wconf 87' lang='lat' dir='ltr'>comprehendi</span> <span class='ocrx_word' id='word_1_105' title='bbox 490 1338 551 1382; x_wconf 90' lang='lat' dir='ltr'>non</span> <span class='ocrx_word' id='word_1_106' title='bbox 566 1328 709 1401; x_wconf 72' lang='lat' dir='ltr'>possunt:</span> <span class='ocrx_word' id='word_1_107' title='bbox 730 1338 803 1400; x_wconf 89' lang='lat' dir='ltr'>quae</span> <span class='ocrx_word' id='word_1_108' title='bbox 817 1327 914 1381; x_wconf 88' lang='lat' dir='ltr'>autern</span> <span class='ocrx_word' id='word_1_109' title='bbox 929 1323 1056 1398; x_wconf 89' lang='lat' dir='ltr'>possunt</span> <span class='ocrx_word' id='word_1_110' title='bbox 1071 1315 1195 1393; x_wconf 85' lang='lat' dir='ltr'>diligen·</span> <span class='ocrx_word' id='word_1_111' title='bbox 1242 1313 1245 1318; x_wconf 84' lang='lat'>&#39;</span> <span class='ocrx_word' id='word_1_112' title='bbox 1302 1363 1305 1366; x_wconf 94' lang='lat'><strong>.</strong></span> 
     </span>
     <span class='ocr_line' id='line_1_13' title="bbox 136 1401 1195 1488; baseline -0.008 -18"><span class='ocrx_word' id='word_1_113' title='bbox 136 1415 180 1470; x_wconf 88' lang='lat' dir='ltr'>ter</span> <span class='ocrx_word' id='word_1_114' title='bbox 194 1414 337 1488; x_wconf 62' lang='lat' dir='ltr'>tenenturt</span> <span class='ocrx_word' id='word_1_115' title='bbox 366 1406 403 1467; x_wconf 93' lang='lat' dir='ltr'>M.</span> <span class='ocrx_word' id='word_1_116' title='bbox 419 1405 526 1468; x_wconf 92' lang='lat' dir='ltr'>Marius</span> <span class='ocrx_word' id='word_1_117' title='bbox 542 1404 736 1480; x_wconf 83' lang='lat' dir='ltr'>Gratidianus,</span> <span class='ocrx_word' id='word_1_118' title='bbox 752 1404 935 1484; x_wconf 88' lang='lat' dir='ltr'>propinquus</span> <span class='ocrx_word' id='word_1_119' title='bbox 951 1411 1060 1476; x_wconf 87' lang='lat' dir='ltr'>noster,</span> <span class='ocrx_word' id='word_1_120' title='bbox 1078 1402 1108 1462; x_wconf 93' lang='lat' dir='ltr'>C.</span> <span class='ocrx_word' id='word_1_121' title='bbox 1125 1401 1195 1461; x_wconf 89' lang='lat' dir='ltr'>Ser-</span> 
     </span>
     <span class='ocr_line' id='line_1_14' title="bbox 139 1485 1195 1570; baseline -0.006 -18"><span class='ocrx_word' id='word_1_122' title='bbox 139 1490 186 1570; x_wconf 86' lang='lat' dir='ltr'>gio</span> <span class='ocrx_word' id='word_1_123' title='bbox 199 1491 302 1554; x_wconf 85' lang='lat' dir='ltr'>Oratae</span> <span class='ocrx_word' id='word_1_124' title='bbox 317 1491 484 1553; x_wconf 83' lang='lat' dir='ltr'>vendiderat</span> <span class='ocrx_word' id='word_1_125' title='bbox 499 1492 585 1553; x_wconf 87' lang='lat' dir='ltr'>aedas</span> <span class='ocrx_word' id='word_1_126' title='bbox 601 1510 660 1564; x_wconf 80' lang='grc'><strong>666,</strong></span> <span class='ocrx_word' id='word_1_127' title='bbox 678 1509 751 1570; x_wconf 90' lang='lat' dir='ltr'>quas</span> <span class='ocrx_word' id='word_1_128' title='bbox 767 1490 801 1552; x_wconf 87' lang='lat' dir='ltr'>ab</span> <span class='ocrx_word' id='word_1_129' title='bbox 817 1489 921 1550; x_wconf 89' lang='lat' dir='ltr'>eodem</span> <span class='ocrx_word' id='word_1_130' title='bbox 935 1489 999 1566; x_wconf 89' lang='lat' dir='ltr'>ipse</span> <span class='ocrx_word' id='word_1_131' title='bbox 1013 1485 1113 1566; x_wconf 88' lang='lat' dir='ltr'>paucis</span> <span class='ocrx_word' id='word_1_132' title='bbox 1129 1493 1195 1546; x_wconf 88' lang='lat' dir='ltr'>ante</span> 
     </span>
     <span class='ocr_line' id='line_1_15' title="bbox 137 1571 1195 1653; baseline -0.008 -15"><span class='ocrx_word' id='word_1_133' title='bbox 137 1577 221 1638; x_wconf 90' lang='lat' dir='ltr'>annis</span> <span class='ocrx_word' id='word_1_134' title='bbox 237 1585 355 1638; x_wconf 87' lang='lat' dir='ltr'>emerat.</span> <span class='ocrx_word' id='word_1_135' title='bbox 400 1577 458 1638; x_wconf 83' lang='lat' dir='ltr'>Eae</span> <span class='ocrx_word' id='word_1_136' title='bbox 473 1576 649 1650; x_wconf 87' lang='lat' dir='ltr'>serviebant,</span> <span class='ocrx_word' id='word_1_137' title='bbox 666 1577 718 1637; x_wconf 92' lang='lat' dir='ltr'>sed</span> <span class='ocrx_word' id='word_1_138' title='bbox 733 1576 791 1636; x_wconf 90' lang='lat' dir='ltr'>hoc</span> <span class='ocrx_word' id='word_1_139' title='bbox 805 1575 835 1636; x_wconf 92' lang='lat' dir='ltr'>in</span> <span class='ocrx_word' id='word_1_140' title='bbox 850 1573 997 1653; x_wconf 91' lang='lat' dir='ltr'>mancipio</span> <span class='ocrx_word' id='word_1_141' title='bbox 1012 1571 1118 1633; x_wconf 90' lang='lat' dir='ltr'>Marius</span> <span class='ocrx_word' id='word_1_142' title='bbox 1134 1588 1195 1631; x_wconf 89' lang='lat' dir='ltr'>non</span> 
     </span>
     <span class='ocr_line' id='line_1_16' title="bbox 136 1656 1195 1732; baseline -0.008 -8"><span class='ocrx_word' id='word_1_143' title='bbox 136 1661 254 1725; x_wconf 83' lang='lat' dir='ltr'>dixerat.</span> <span class='ocrx_word' id='word_1_144' title='bbox 278 1660 408 1724; x_wconf 83' lang='lat' dir='ltr'>Adducta</span> <span class='ocrx_word' id='word_1_145' title='bbox 421 1675 470 1724; x_wconf 84' lang='lat' dir='ltr'>res</span> <span class='ocrx_word' id='word_1_146' title='bbox 485 1662 516 1724; x_wconf 89' lang='lat' dir='ltr'>in</span> <span class='ocrx_word' id='word_1_147' title='bbox 531 1661 672 1732; x_wconf 90' lang='lat' dir='ltr'>iudicium</span> <span class='ocrx_word' id='word_1_148' title='bbox 687 1669 740 1722; x_wconf 90' lang='lat' dir='ltr'>est.</span> <span class='ocrx_word' id='word_1_149' title='bbox 770 1660 889 1721; x_wconf 86' lang='lat' dir='ltr'>Oratam</span> <span class='ocrx_word' id='word_1_150' title='bbox 905 1659 1037 1732; x_wconf 85' lang='lat' dir='ltr'>Crassus,</span> <span class='ocrx_word' id='word_1_151' title='bbox 1052 1656 1195 1718; x_wconf 88' lang='lat' dir='ltr'>Gratidia-</span> 
     </span>
     <span class='ocr_line' id='line_1_17' title="bbox 136 1741 1196 1824; baseline -0.008 -14"><span class='ocrx_word' id='word_1_152' title='bbox 136 1766 208 1810; x_wconf 90' lang='lat' dir='ltr'>num</span> <span class='ocrx_word' id='word_1_153' title='bbox 232 1747 404 1809; x_wconf 87' lang='lat' dir='ltr'>deiendebat</span> <span class='ocrx_word' id='word_1_154' title='bbox 427 1747 581 1810; x_wconf 78' lang='lat' dir='ltr'>Antonius.</span> <span class='ocrx_word' id='word_1_155' title='bbox 616 1747 675 1808; x_wconf 75' lang='lat' dir='ltr'>Ius‘</span> <span class='ocrx_word' id='word_1_156' title='bbox 691 1746 814 1808; x_wconf 85' lang='lat' dir='ltr'>Crassus</span> <span class='ocrx_word' id='word_1_157' title='bbox 839 1745 994 1824; x_wconf 82' lang='lat' dir='ltr'>urguebat,</span> <span class='ocrx_word' id='word_1_158' title='bbox 1019 1743 1111 1824; x_wconf 79' lang='lat' dir='ltr'>‘quod</span> <span class='ocrx_word' id='word_1_159' title='bbox 1135 1741 1196 1802; x_wconf 93' lang='lat' dir='ltr'>vitii</span> 
     </span>
     <span class='ocr_line' id='line_1_18' title="bbox 136 1828 1196 1912; baseline -0.008 -17"><span class='ocrx_word' id='word_1_160' title='bbox 136 1833 269 1895; x_wconf 90' lang='lat' dir='ltr'>venditor</span> <span class='ocrx_word' id='word_1_161' title='bbox 283 1851 345 1894; x_wconf 89' lang='lat' dir='ltr'>non</span> <span class='ocrx_word' id='word_1_162' title='bbox 365 1833 486 1894; x_wconf 83' lang='lat' dir='ltr'>dixisset</span> <span class='ocrx_word' id='word_1_163' title='bbox 505 1833 616 1907; x_wconf 89' lang='lat' dir='ltr'>sciens,</span> <span class='ocrx_word' id='word_1_164' title='bbox 635 1831 665 1892; x_wconf 93' lang='lat' dir='ltr'>id</span> <span class='ocrx_word' id='word_1_165' title='bbox 682 1840 819 1912; x_wconf 84' lang='lat' dir='ltr'>oportere</span> <span class='ocrx_word' id='word_1_166' title='bbox 834 1829 1002 1910; x_wconf 66' lang='lat' dir='ltr'>praestari,</span> <span class='ocrx_word' id='word_1_167' title='bbox 1023 1828 1196 1908; x_wconf 90' lang='lat' dir='ltr'>aequitatem</span> 
     </span>
    </p>

    <p class='ocr_par' dir='ltr' id='par_1_3' title="bbox 34 1911 1213 1999">
     <span class='ocr_line' id='line_1_19' title="bbox 34 1911 1213 1999; baseline -0.007 -16"><span class='ocrx_word' id='word_1_168' title='bbox 34 1913 38 1922; x_wconf 76' lang='grc'>’</span> <span class='ocrx_word' id='word_1_169' title='bbox 136 1918 294 1995; x_wconf 59' lang='lat' dir='ltr'>Antonius</span> <span class='ocrx_word' id='word_1_170' title='bbox 315 1917 468 1999; x_wconf 84' lang='lat' dir='ltr'>‘quoniam</span> <span class='ocrx_word' id='word_1_171' title='bbox 487 1918 638 1982; x_wconf 80' lang='lat' dir='ltr'>id-vitium</span> <span class='ocrx_word' id='word_1_172' title='bbox 657 1917 791 1997; x_wconf 83' lang='lat' dir='ltr'>ignotum</span> <span class='ocrx_word' id='word_1_173' title='bbox 811 1915 911 1994; x_wconf 86' lang='lat' dir='ltr'>Sergio</span> <span class='ocrx_word' id='word_1_174' title='bbox 932 1932 994 1976; x_wconf 90' lang='lat' dir='ltr'>nen</span> <span class='ocrx_word' id='word_1_175' title='bbox 1009 1914 1125 1987; x_wconf 86' lang='lat' dir='ltr'>inisset,</span> <span class='ocrx_word' id='word_1_176' title='bbox 1147 1911 1213 1992; x_wconf 85' lang='lat' dir='ltr'>qui.</span> 
     </span>
    </p>
   </div>
   <div class='ocr_carea' id='block_1_3' title="bbox 136 2049 1195 2199">
    <p class='ocr_par' dir='ltr' id='par_1_4' title="bbox 136 2049 1195 2199">
     <span class='ocr_line' id='line_1_20' title="bbox 169 2049 1194 2138; baseline -0.01 -14"><span class='ocrx_word' id='word_1_177' title='bbox 169 2049 297 2138; x_wconf 74' lang='lat' dir='ltr'>arbitrum</span> <span class='ocrx_word' id='word_1_178' title='bbox 308 2072 381 2123; x_wconf 84' lang='lat' dir='ltr'>ilium</span> <span class='ocrx_word' id='word_1_179' title='bbox 388 2071 489 2138; x_wconf 62' lang='lat' dir='ltr'>adogit,</span> <span class='ocrx_word' id='word_1_180' title='bbox 505 2072 641 2123; x_wconf 85' lang='lat' dir='ltr'>stebcndcr</span> <span class='ocrx_word' id='word_1_181' title='bbox 694 2069 730 2121; x_wconf 88' lang='lat' dir='ltr'>Er</span> <span class='ocrx_word' id='word_1_182' title='bbox 742 2083 796 2119; x_wconf 86' lang='lat' dir='ltr'>war</span> <span class='ocrx_word' id='word_1_183' title='bbox 808 2069 853 2119; x_wconf 87' lang='lat' dir='ltr'>der</span> <span class='ocrx_word' id='word_1_184' title='bbox 862 2069 929 2118; x_wconf 89' lang='lat' dir='ltr'>Sohn</span> <span class='ocrx_word' id='word_1_185' title='bbox 941 2068 1003 2118; x_wconf 87' lang='lat' dir='ltr'>oder</span> <span class='ocrx_word' id='word_1_186' title='bbox 1012 2067 1093 2118; x_wconf 81' lang='lat' dir='ltr'>Eukel</span> <span class='ocrx_word' id='word_1_187' title='bbox 1105 2067 1149 2116; x_wconf 90' lang='lat' dir='ltr'>des</span> <span class='ocrx_word' id='word_1_188' title='bbox 1159 2063 1194 2116; x_wconf 87' lang='lat' dir='ltr'>M.</span> 
     </span>
     <span class='ocr_line' id='line_1_21' title="bbox 136 2135 1195 2199; baseline -0.006 -10"><span class='ocrx_word' id='word_1_189' title='bbox 136 2137 266 2190; x_wconf 78' lang='lat' dir='ltr'>Ausdruck</span> <span class='ocrx_word' id='word_1_190' title='bbox 283 2139 324 2190; x_wconf 81' lang='lat' dir='ltr'>iiic</span> <span class='ocrx_word' id='word_1_191' title='bbox 339 2140 410 2191; x_wconf 81' lang='lat' dir='ltr'>illum</span> <span class='ocrx_word' id='word_1_192' title='bbox 422 2140 534 2192; x_wconf 73' lang='lat' dir='ltr'>odduadt</span> <span class='ocrx_word' id='word_1_193' title='bbox 548 2139 583 2190; x_wconf 83' lang='lat' dir='ltr'>ad</span> <span class='ocrx_word' id='word_1_194' title='bbox 597 2155 640 2190; x_wconf 84' lang='lat' dir='ltr'>or·</span> <span class='ocrx_word' id='word_1_195' title='bbox 695 2137 832 2199; x_wconf 77' lang='lat' dir='ltr'>Gratidius,</span> <span class='ocrx_word' id='word_1_196' title='bbox 845 2135 1195 2187; x_wconf 84' lang='lat' dir='ltr'>dessenScbwestermitdem</span> 
     </span>
    </p>
   </div>
   <div class='ocr_carea' id='block_1_4' title="bbox 136 2203 1196 2342">
    <p class='ocr_par' dir='ltr' id='par_1_5' title="bbox 136 2203 1196 2342">
     <span class='ocr_line' id='line_1_22' title="bbox 137 2203 1196 2275; baseline -0.008 -15"><span class='ocrx_word' id='word_1_197' title='bbox 137 2210 241 2260; x_wconf 75' lang='lat' dir='ltr'>biti-um.</span> <span class='ocrx_word' id='word_1_198' title='bbox 265 2208 486 2275; x_wconf 74' lang='lat' dir='ltr'>Ebe&#39;usoalipuum</span> <span class='ocrx_word' id='word_1_199' title='bbox 499 2209 641 2264; x_wconf 71' lang='grc'><strong>666666666-</strong></span> <span class='ocrx_word' id='word_1_200' title='bbox 695 2204 849 2256; x_wconf 85' lang='lat' dir='ltr'>Grossvater</span> <span class='ocrx_word' id='word_1_201' title='bbox 886 2205 987 2255; x_wconf 86' lang='lat' dir='ltr'>Ciceros</span> <span class='ocrx_word' id='word_1_202' title='bbox 1024 2203 1196 2253; x_wconf 87' lang='lat' dir='ltr'>verheirathet</span> 
     </span>
     <span class='ocr_line' id='line_1_23' title="bbox 136 2271 1195 2342; baseline -0.009 -14"><span class='ocrx_word' id='word_1_203' title='bbox 136 2276 198 2328; x_wconf 80' lang='lat' dir='ltr'>dum</span> <span class='ocrx_word' id='word_1_204' title='bbox 210 2275 323 2342; x_wconf 75' lang='lat' dir='ltr'>adigere.</span> <span class='ocrx_word' id='word_1_205' title='bbox 683 2289 762 2336; x_wconf 51' lang='lat' dir='ltr'>‘wan</span> <span class='ocrx_word' id='word_1_206' title='bbox 792 2272 843 2323; x_wconf 88' lang='lat' dir='ltr'>Der</span> <span class='ocrx_word' id='word_1_207' title='bbox 866 2273 964 2323; x_wconf 85' lang='lat' dir='ltr'>Bruder</span> <span class='ocrx_word' id='word_1_208' title='bbox 987 2272 1030 2321; x_wconf 86' lang='lat' dir='ltr'>des</span> <span class='ocrx_word' id='word_1_209' title='bbox 1051 2271 1195 2320; x_wconf 88' lang='lat' dir='ltr'>heriihmten</span> 
     </span>
    </p>
   </div>
   <div class='ocr_carea' id='block_1_5' title="bbox 31 2337 1196 2612">
    <p class='ocr_par' dir='ltr' id='par_1_6' title="bbox 172 2337 1196 2411">
     <span class='ocr_line' id='line_1_24' title="bbox 172 2337 1196 2411; baseline -0.009 -17"><span class='ocrx_word' id='word_1_210' title='bbox 172 2343 300 2409; x_wconf 77' lang='lat' dir='ltr'>Quidquid</span> <span class='ocrx_word' id='word_1_211' title='bbox 321 2346 370 2395; x_wconf 82' lang='lat' dir='ltr'>ribi</span> <span class='ocrx_word' id='word_1_212' title='bbox 386 2371 421 2381; x_wconf 91' lang='lat'><em>—</em></span> <span class='ocrx_word' id='word_1_213' title='bbox 442 2361 478 2396; x_wconf 80' lang='grc'>66·</span> <span class='ocrx_word' id='word_1_214' title='bbox 490 2343 547 2411; x_wconf 79' lang='lat' dir='ltr'>fide</span> <span class='ocrx_word' id='word_1_215' title='bbox 568 2347 640 2395; x_wconf 86' lang='lat' dir='ltr'>bona.</span> <span class='ocrx_word' id='word_1_216' title='bbox 694 2341 789 2393; x_wconf 89' lang='lat' dir='ltr'>Marius</span> <span class='ocrx_word' id='word_1_217' title='bbox 810 2343 879 2392; x_wconf 88' lang='lat' dir='ltr'>batte</span> <span class='ocrx_word' id='word_1_218' title='bbox 900 2341 941 2390; x_wconf 89' lang='lat' dir='ltr'>ibn</span> <span class='ocrx_word' id='word_1_219' title='bbox 958 2338 1077 2404; x_wconf 76' lang='lat' dir='ltr'>adoptirt</span> <span class='ocrx_word' id='word_1_220' title='bbox 1105 2337 1196 2387; x_wconf 87' lang='lat' dir='ltr'>luder</span> 
     </span>
    </p>

    <p class='ocr_par' dir='ltr' id='par_1_7' title="bbox 31 2405 1196 2612">
     <span class='ocr_line' id='line_1_25' title="bbox 31 2405 1196 2478; baseline -0.009 -15"><span class='ocrx_word' id='word_1_221' title='bbox 31 2463 34 2472; x_wconf 75' lang='grc'><em>,</em></span> <span class='ocrx_word' id='word_1_222' title='bbox 137 2411 184 2462; x_wconf 87' lang='lat' dir='ltr'>Die</span> <span class='ocrx_word' id='word_1_223' title='bbox 196 2409 299 2462; x_wconf 82' lang='lat' dir='ltr'>Fermcl</span> <span class='ocrx_word' id='word_1_224' title='bbox 310 2411 448 2478; x_wconf 86' lang='lat' dir='ltr'>entspricbt</span> <span class='ocrx_word' id='word_1_225' title='bbox 459 2413 513 2462; x_wconf 86' lang='lat' dir='ltr'>dem</span> <span class='ocrx_word' id='word_1_226' title='bbox 526 2412 641 2463; x_wconf 84' lang='lat' dir='ltr'>erwiibn-</span> <span class='ocrx_word' id='word_1_227' title='bbox 694 2409 864 2460; x_wconf 88' lang='lat' dir='ltr'>sullaniscben</span> <span class='ocrx_word' id='word_1_228' title='bbox 879 2407 1051 2473; x_wconf 89' lang='lat' dir='ltr'>Proscription</span> <span class='ocrx_word' id='word_1_229' title='bbox 1064 2405 1149 2474; x_wconf 82' lang='lat' dir='ltr'>wurde</span> <span class='ocrx_word' id='word_1_230' title='bbox 1167 2420 1196 2454; x_wconf 85' lang='lat' dir='ltr'>cr</span> 
     </span>
     <span class='ocr_line' id='line_1_26' title="bbox 136 2474 1196 2546; baseline -0.008 -16"><span class='ocrx_word' id='word_1_231' title='bbox 136 2487 180 2530; x_wconf 87' lang='lat' dir='ltr'>ten</span> <span class='ocrx_word' id='word_1_232' title='bbox 193 2483 317 2546; x_wconf 77' lang='lat' dir='ltr'>quantum</span> <span class='ocrx_word' id='word_1_233' title='bbox 325 2480 416 2530; x_wconf 74' lang='lat' dir='ltr'>matius</span> <span class='ocrx_word' id='word_1_234' title='bbox 425 2483 530 2546; x_wconf 74' lang='grc'><strong>6666666</strong></span> <span class='ocrx_word' id='word_1_235' title='bbox 540 2481 659 2530; x_wconf 67' lang='lat' dir='ltr'>aurite·</span> <span class='ocrx_word' id='word_1_236' title='bbox 694 2494 745 2529; x_wconf 90' lang='lat' dir='ltr'>von</span> <span class='ocrx_word' id='word_1_237' title='bbox 762 2476 869 2528; x_wconf 85' lang='lat' dir='ltr'>Catilina</span> <span class='ocrx_word' id='word_1_238' title='bbox 885 2476 1020 2539; x_wconf 85' lang='lat' dir='ltr'>emnordet,</span> <span class='ocrx_word' id='word_1_239' title='bbox 1037 2474 1155 2525; x_wconf 87' lang='lat' dir='ltr'>nachdem</span> <span class='ocrx_word' id='word_1_240' title='bbox 1168 2487 1196 2522; x_wconf 88' lang='lat' dir='ltr'>er</span> 
     </span>
     <span class='ocr_line' id='line_1_27' title="bbox 137 2542 1195 2612; baseline -0.009 -13"><span class='ocrx_word' id='word_1_241' title='bbox 137 2548 277 2612; x_wconf 78' lang='lat' dir='ltr'>aeichnuug</span> <span class='ocrx_word' id='word_1_242' title='bbox 288 2548 334 2598; x_wconf 88' lang='lat' dir='ltr'>der</span> <span class='ocrx_word' id='word_1_243' title='bbox 345 2547 537 2600; x_wconf 83' lang='lat' dir='ltr'>unbestinnnten</span> <span class='ocrx_word' id='word_1_244' title='bbox 544 2547 641 2598; x_wconf 85' lang='lat' dir='ltr'>Summe</span> <span class='ocrx_word' id='word_1_245' title='bbox 695 2546 809 2598; x_wconf 80' lang='lat' dir='ltr'>aweimal</span> <span class='ocrx_word' id='word_1_246' title='bbox 816 2543 1106 2596; x_wconf 84' lang='lat' dir='ltr'>diePraeturverwaitet</span> <span class='ocrx_word' id='word_1_247' title='bbox 1117 2542 1195 2591; x_wconf 86' lang='lat' dir='ltr'>hatte.</span> 
     </span>
    </p>
   </div>
   <div class='ocr_carea' id='block_1_6' title="bbox 107 2615 645 3906">
    <p class='ocr_par' dir='ltr' id='par_1_8' title="bbox 137 2615 645 3148">
     <span class='ocr_line' id='line_1_28' title="bbox 137 2615 641 2680; baseline 0.002 -14"><span class='ocrx_word' id='word_1_248' title='bbox 137 2616 183 2666; x_wconf 83' lang='lat' dir='ltr'>der</span> <span class='ocrx_word' id='word_1_249' title='bbox 194 2615 350 2680; x_wconf 70' lang='lat' dir='ltr'>Foederung.</span> <span class='ocrx_word' id='word_1_250' title='bbox 380 2615 571 2680; x_wconf 70' lang='lat' dir='ltr'>Vollstiiudiger</span> <span class='ocrx_word' id='word_1_251' title='bbox 586 2617 641 2667; x_wconf 86' lang='lat' dir='ltr'>lau-</span> 
     </span>
     <span class='ocr_line' id='line_1_29' title="bbox 138 2683 645 2754; baseline -0.004 -19"><span class='ocrx_word' id='word_1_252' title='bbox 138 2691 176 2736; x_wconf 84' lang='lat' dir='ltr'>tct</span> <span class='ocrx_word' id='word_1_253' title='bbox 193 2685 242 2736; x_wconf 86' lang='lat' dir='ltr'>sie:</span> <span class='ocrx_word' id='word_1_254' title='bbox 267 2683 395 2751; x_wconf 77' lang='lat' dir='ltr'>Qmiiqnid</span> <span class='ocrx_word' id='word_1_255' title='bbox 411 2689 489 2754; x_wconf 84' lang='lat' dir='ltr'>paret</span> <span class='ocrx_word' id='word_1_256' title='bbox 505 2700 565 2736; x_wconf 83' lang='lat' dir='ltr'>eum</span> <span class='ocrx_word' id='word_1_257' title='bbox 580 2685 645 2734; x_wconf 84' lang='lat' dir='ltr'>mibi</span> 
     </span>
     <span class='ocr_line' id='line_1_30' title="bbox 138 2752 643 2822; baseline 0.002 -18"><span class='ocrx_word' id='word_1_258' title='bbox 138 2752 643 2822; x_wconf 76' lang='lat' dir='ltr'>dicercfoccreoportcre,idiaduacum</span> 
     </span>
     <span class='ocr_line' id='line_1_31' title="bbox 138 2821 643 2891; baseline 0 -20"><span class='ocrx_word' id='word_1_259' title='bbox 138 2821 310 2888; x_wconf 81' lang='lat' dir='ltr'>eondcnmato,</span> <span class='ocrx_word' id='word_1_260' title='bbox 323 2825 348 2872; x_wconf 76' lang='lat' dir='ltr'>ci</span> <span class='ocrx_word' id='word_1_261' title='bbox 353 2838 405 2874; x_wconf 81' lang='grc'>666</span> <span class='ocrx_word' id='word_1_262' title='bbox 412 2825 496 2891; x_wconf 82' lang='lat' dir='ltr'>paret,</span> <span class='ocrx_word' id='word_1_263' title='bbox 510 2821 643 2872; x_wconf 78' lang='lat' dir='ltr'>abcoleito.</span> 
     </span>
     <span class='ocr_line' id='line_1_32' title="bbox 137 2886 643 2954; baseline 0.002 -15"><span class='ocrx_word' id='word_1_264' title='bbox 137 2889 205 2939; x_wconf 85' lang='lat' dir='ltr'>Beim</span> <span class='ocrx_word' id='word_1_265' title='bbox 221 2888 290 2941; x_wconf 77' lang='lat' dir='ltr'>{taur</span> <span class='ocrx_word' id='word_1_266' title='bbox 302 2897 374 2954; x_wconf 73' lang='lat' dir='ltr'>sagte</span> <span class='ocrx_word' id='word_1_267' title='bbox 392 2890 438 2941; x_wconf 86' lang='lat' dir='ltr'>der</span> <span class='ocrx_word' id='word_1_268' title='bbox 452 2886 560 2939; x_wconf 73' lang='lat' dir='ltr'>litiuierz</span> <span class='ocrx_word' id='word_1_269' title='bbox 577 2890 643 2940; x_wconf 77' lang='lat' dir='ltr'>Pro·</span> 
     </span>
     <span class='ocr_line' id='line_1_33' title="bbox 137 2956 642 3023; baseline -0.004 -15"><span class='ocrx_word' id='word_1_270' title='bbox 137 2959 252 3008; x_wconf 71' lang='grc' dir='ltr'><strong>6666έί666</strong></span> <span class='ocrx_word' id='word_1_271' title='bbox 268 2956 391 3023; x_wconf 78' lang='lat' dir='ltr'>quidquid</span> <span class='ocrx_word' id='word_1_272' title='bbox 411 2963 436 3008; x_wconf 88' lang='lat' dir='ltr'>te</span> <span class='ocrx_word' id='word_1_273' title='bbox 455 2957 540 3008; x_wconf 83' lang='lat' dir='ltr'>dicare</span> <span class='ocrx_word' id='word_1_274' title='bbox 548 2958 642 3023; x_wconf 82' lang='lat' dir='ltr'>facere</span> 
     </span>
     <span class='ocr_line' id='line_1_34' title="bbox 140 3025 643 3093; baseline -0.008 -15"><span class='ocrx_word' id='word_1_275' title='bbox 140 3029 240 3093; x_wconf 84' lang='lat' dir='ltr'>oportet</span> <span class='ocrx_word' id='word_1_276' title='bbox 255 3041 291 3075; x_wconf 68' lang='lat' dir='ltr'>ere</span> <span class='ocrx_word' id='word_1_277' title='bbox 299 3025 356 3091; x_wconf 72' lang='lat' dir='ltr'>fide</span> <span class='ocrx_word' id='word_1_278' title='bbox 372 3028 445 3077; x_wconf 84' lang='lat' dir='ltr'>dono.</span> <span class='ocrx_word' id='word_1_279' title='bbox 469 3025 515 3077; x_wconf 84' lang='lat' dir='ltr'>Die</span> <span class='ocrx_word' id='word_1_280' title='bbox 527 3025 643 3080; x_wconf 87' lang='lat' dir='ltr'>Antwort</span> 
     </span>
     <span class='ocr_line' id='line_1_35' title="bbox 138 3093 501 3148; baseline 0 -4"><span class='ocrx_word' id='word_1_281' title='bbox 138 3093 352 3145; x_wconf 75' lang='lat' dir='ltr'>warzProma&#39;tto.</span> <span class='ocrx_word' id='word_1_282' title='bbox 414 3135 420 3148; x_wconf 72' lang='lat'><strong>.</strong></span> <span class='ocrx_word' id='word_1_283' title='bbox 499 3113 501 3124; x_wconf 90' lang='grc'><em>·</em></span> 
     </span>
    </p>

    <p class='ocr_par' dir='ltr' id='par_1_9' title="bbox 107 3159 645 3552">
     <span class='ocr_line' id='line_1_36' title="bbox 173 3159 643 3226; baseline -0.009 -12"><span class='ocrx_word' id='word_1_284' title='bbox 173 3161 208 3214; x_wconf 85' lang='grc' dir='ltr'>Μ.</span> <span class='ocrx_word' id='word_1_285' title='bbox 223 3161 302 3214; x_wconf 86' lang='lat' dir='ltr'>Cato:</span> <span class='ocrx_word' id='word_1_286' title='bbox 327 3161 392 3214; x_wconf 84' lang='lat' dir='ltr'>Gall.</span> <span class='ocrx_word' id='word_1_287' title='bbox 410 3160 481 3225; x_wconf 79' lang='lat' dir='ltr'>xlii,</span> <span class='ocrx_word' id='word_1_288' title='bbox 499 3159 541 3226; x_wconf 82' lang='lat'>20,</span> <span class='ocrx_word' id='word_1_289' title='bbox 561 3160 592 3211; x_wconf 82' lang='lat'>14</span> <span class='ocrx_word' id='word_1_290' title='bbox 616 3160 643 3211; x_wconf 80' lang='lat' dir='ltr'>Is</span> 
     </span>
     <span class='ocr_line' id='line_1_37' title="bbox 139 3229 642 3298; baseline 0 -18"><span class='ocrx_word' id='word_1_291' title='bbox 139 3229 176 3281; x_wconf 84' lang='lat' dir='ltr'>M.</span> <span class='ocrx_word' id='word_1_292' title='bbox 190 3229 251 3281; x_wconf 82' lang='lat' dir='ltr'>Coto</span> <span class='ocrx_word' id='word_1_293' title='bbox 261 3232 379 3281; x_wconf 71' lang='grc'><strong>66666666</strong></span> <span class='ocrx_word' id='word_1_294' title='bbox 386 3229 528 3298; x_wconf 78' lang='lat' dir='ltr'>piebicfuit</span> <span class='ocrx_word' id='word_1_295' title='bbox 535 3233 642 3298; x_wconf 82' lang='lat' dir='ltr'>etprae-</span> 
     </span>
     <span class='ocr_line' id='line_1_38' title="bbox 139 3299 642 3367; baseline -0.002 -19"><span class='ocrx_word' id='word_1_296' title='bbox 139 3301 226 3349; x_wconf 81' lang='lat' dir='ltr'>turam</span> <span class='ocrx_word' id='word_1_297' title='bbox 235 3301 325 3367; x_wconf 76' lang='lat' dir='ltr'>petens</span> <span class='ocrx_word' id='word_1_298' title='bbox 336 3302 446 3348; x_wconf 86' lang='lat' dir='ltr'>mortem</span> <span class='ocrx_word' id='word_1_299' title='bbox 456 3301 517 3351; x_wconf 82' lang='lat' dir='ltr'>obiit</span> <span class='ocrx_word' id='word_1_300' title='bbox 525 3299 577 3362; x_wconf 89' lang='lat' dir='ltr'>[das</span> <span class='ocrx_word' id='word_1_301' title='bbox 587 3312 642 3347; x_wconf 90' lang='lat' dir='ltr'>war</span> 
     </span>
     <span class='ocr_line' id='line_1_39' title="bbox 139 3363 645 3433; baseline 0 -19"><span class='ocrx_word' id='word_1_302' title='bbox 139 3366 172 3415; x_wconf 86' lang='lat' dir='ltr'>im</span> <span class='ocrx_word' id='word_1_303' title='bbox 184 3366 208 3414; x_wconf 89' lang='lat' dir='ltr'>J.</span> <span class='ocrx_word' id='word_1_304' title='bbox 222 3363 271 3415; x_wconf 86' lang='grc'>663</span> <span class='ocrx_word' id='word_1_305' title='bbox 286 3365 350 3429; x_wconf 86' lang='grc'>(91)]</span> <span class='ocrx_word' id='word_1_306' title='bbox 369 3382 404 3416; x_wconf 76' lang='lat' dir='ltr'>cce</span> <span class='ocrx_word' id='word_1_307' title='bbox 420 3382 497 3433; x_wconf 77' lang='lat' dir='ltr'>eoque</span> <span class='ocrx_word' id='word_1_308' title='bbox 512 3369 590 3416; x_wconf 78' lang='lat' dir='ltr'>notos</span> <span class='ocrx_word' id='word_1_309' title='bbox 606 3369 645 3415; x_wconf 80' lang='lat' dir='ltr'>eat</span> 
     </span>
     <span class='ocr_line' id='line_1_40' title="bbox 139 3431 643 3500; baseline 0.002 -17"><span class='ocrx_word' id='word_1_310' title='bbox 139 3431 176 3483; x_wconf 86' lang='lat' dir='ltr'>M.</span> <span class='ocrx_word' id='word_1_311' title='bbox 191 3432 253 3482; x_wconf 79' lang='lat' dir='ltr'>Cato</span> <span class='ocrx_word' id='word_1_312' title='bbox 269 3436 423 3500; x_wconf 70' lang='lat' dir='ltr'>praetentus,</span> <span class='ocrx_word' id='word_1_313' title='bbox 442 3437 486 3500; x_wconf 82' lang='lat' dir='ltr'>qui</span> <span class='ocrx_word' id='word_1_314' title='bbox 495 3450 523 3484; x_wconf 85' lang='lat' dir='ltr'>se</span> <span class='ocrx_word' id='word_1_315' title='bbox 536 3433 597 3484; x_wconf 82' lang='lat' dir='ltr'>betto</span> <span class='ocrx_word' id='word_1_316' title='bbox 609 3435 643 3484; x_wconf 73' lang='lat' dir='ltr'>ca·-</span> 
     </span>
     <span class='ocr_line' id='line_1_41' title="bbox 107 3499 433 3552; baseline 0.006 -2"><span class='ocrx_word' id='word_1_317' title='bbox 107 3535 109 3550; x_wconf 91' lang='grc'>.</span> <span class='ocrx_word' id='word_1_318' title='bbox 139 3500 186 3551; x_wconf 73' lang='lat' dir='ltr'>ceto·</span> <span class='ocrx_word' id='word_1_319' title='bbox 198 3499 283 3552; x_wconf 81' lang='lat' dir='ltr'>Utv&#39;eae</span> <span class='ocrx_word' id='word_1_320' title='bbox 293 3501 433 3552; x_wconf 80' lang='lat' dir='ltr'>interemit.</span> 
     </span>
    </p>

    <p class='ocr_par' dir='ltr' id='par_1_10' title="bbox 139 3567 643 3906">
     <span class='ocr_line' id='line_1_42' title="bbox 171 3567 642 3638; baseline 0.004 -21"><span class='ocrx_word' id='word_1_321' title='bbox 171 3567 215 3636; x_wconf 78' lang='grc'>67.</span> <span class='ocrx_word' id='word_1_322' title='bbox 246 3567 424 3636; x_wconf 79' lang='lat' dir='ltr'>cmnprebendv&#39;</span> <span class='ocrx_word' id='word_1_323' title='bbox 448 3585 499 3620; x_wconf 84' lang='lat' dir='ltr'>nen</span> <span class='ocrx_word' id='word_1_324' title='bbox 525 3574 642 3638; x_wconf 77' lang='lat' dir='ltr'>poscunt,</span> 
     </span>
     <span class='ocr_line' id='line_1_43' title="bbox 140 3635 643 3700; baseline -0.002 -13"><span class='ocrx_word' id='word_1_325' title='bbox 140 3635 240 3688; x_wconf 81' lang='lat' dir='ltr'>iriinucu</span> <span class='ocrx_word' id='word_1_326' title='bbox 260 3636 328 3687; x_wconf 87' lang='lat' dir='ltr'>nicht</span> <span class='ocrx_word' id='word_1_327' title='bbox 347 3636 372 3686; x_wconf 86' lang='lat' dir='ltr'>in</span> <span class='ocrx_word' id='word_1_328' title='bbox 393 3637 437 3687; x_wconf 82' lang='lat' dir='ltr'>das</span> <span class='ocrx_word' id='word_1_329' title='bbox 450 3635 544 3698; x_wconf 82' lang='lat' dir='ltr'>Gesetz</span> <span class='ocrx_word' id='word_1_330' title='bbox 556 3636 643 3700; x_wconf 78' lang='lat' dir='ltr'>anige-</span> 
     </span>
     <span class='ocr_line' id='line_1_44' title="bbox 140 3703 643 3768; baseline -0.006 -12"><span class='ocrx_word' id='word_1_331' title='bbox 140 3703 643 3768; x_wconf 70' lang='lat' dir='ltr'>commeaveram-Zur·Besvtttgung</span> 
     </span>
     <span class='ocr_line' id='line_1_45' title="bbox 139 3771 643 3839; baseline -0.002 -16"><span class='ocrx_word' id='word_1_332' title='bbox 139 3774 243 3825; x_wconf 88' lang='lat' dir='ltr'>biervon</span> <span class='ocrx_word' id='word_1_333' title='bbox 264 3773 329 3822; x_wconf 86' lang='lat' dir='ltr'>vvird</span> <span class='ocrx_word' id='word_1_334' title='bbox 344 3773 389 3822; x_wconf 85' lang='lat' dir='ltr'>das</span> <span class='ocrx_word' id='word_1_335' title='bbox 406 3772 522 3836; x_wconf 79' lang='lat' dir='ltr'>folgende</span> <span class='ocrx_word' id='word_1_336' title='bbox 534 3771 643 3839; x_wconf 87' lang='lat' dir='ltr'>Beispicl</span> 
     </span>
     <span class='ocr_line' id='line_1_46' title="bbox 140 3841 643 3906; baseline -0.002 -15"><span class='ocrx_word' id='word_1_337' title='bbox 140 3842 245 3893; x_wconf 76' lang='lat' dir='ltr'>erziihlt.</span> <span class='ocrx_word' id='word_1_338' title='bbox 256 3869 291 3879; x_wconf 96' lang='lat'>—</span> <span class='ocrx_word' id='word_1_339' title='bbox 301 3844 425 3906; x_wconf 71' lang='grc'><strong>66666666,</strong></span> <span class='ocrx_word' id='word_1_340' title='bbox 439 3841 541 3892; x_wconf 83' lang='lat' dir='ltr'>werden</span> <span class='ocrx_word' id='word_1_341' title='bbox 550 3841 643 3904; x_wconf 64' lang='lat' dir='ltr'>seaba-</span> 
     </span>
    </p>
   </div>
   <div class='ocr_carea' id='block_1_7' title="bbox 38 3910 191 3960">
    <p class='ocr_par' dir='ltr' id='par_1_11' title="bbox 38 3910 191 3960">
     <span class='ocr_line' id='line_1_47' title="bbox 38 3910 191 3960; baseline -0.007 1"><span class='ocrx_word' id='word_1_342' title='bbox 38 3919 44 3924; x_wconf 86' lang='lat'><em>&#39;</em></span> <span class='ocrx_word' id='word_1_343' title='bbox 140 3910 191 3960; x_wconf 85' lang='lat' dir='ltr'>det.</span> 
     </span>
    </p>
   </div>
   <div class='ocr_carea' id='block_1_8' title="bbox 103 3975 643 4052">
    <p class='ocr_par' dir='ltr' id='par_1_12' title="bbox 103 3975 643 4052">
     <span class='ocr_line' id='line_1_48' title="bbox 103 3975 643 4052; baseline -0.006 -21"><span class='ocrx_word' id='word_1_344' title='bbox 103 4048 108 4052; x_wconf 60' lang='lat'><strong>.</strong></span> <span class='ocrx_word' id='word_1_345' title='bbox 174 3977 210 4030; x_wconf 90' lang='lat' dir='ltr'>M.</span> <span class='ocrx_word' id='word_1_346' title='bbox 223 3977 325 4032; x_wconf 71' lang='lat' dir='ltr'>Marsica</span> <span class='ocrx_word' id='word_1_347' title='bbox 338 3975 516 4032; x_wconf 65' lang='lat' dir='ltr'>Grabdmus:</span> <span class='ocrx_word' id='word_1_348' title='bbox 536 3976 591 4044; x_wconf 65' lang='lat' dir='ltr'>sfi.</span> <span class='ocrx_word' id='word_1_349' title='bbox 602 3975 643 4028; x_wconf 81' lang='lat'>80.</span> 
     </span>
    </p>
   </div>
   <div class='ocr_carea' id='block_1_9' title="bbox 695 2609 1196 2748">
    <p class='ocr_par' dir='ltr' id='par_1_13' title="bbox 695 2609 1196 2748">
     <span class='ocr_line' id='line_1_49' title="bbox 695 2609 1196 2673; baseline -0.014 -8"><span class='ocrx_word' id='word_1_350' title='bbox 695 2613 949 2665; x_wconf 75' lang='lat' dir='ltr'>nerseruerroeess</span> <span class='ocrx_word' id='word_1_351' title='bbox 972 2612 1017 2662; x_wconf 87' lang='lat' dir='ltr'>mit</span> <span class='ocrx_word' id='word_1_352' title='bbox 1040 2610 1068 2660; x_wconf 90' lang='lat' dir='ltr'>C.</span> <span class='ocrx_word' id='word_1_353' title='bbox 1092 2609 1196 2673; x_wconf 75' lang='lat' dir='ltr'>Sergius</span> 
     </span>
     <span class='ocr_line' id='line_1_50' title="bbox 695 2679 1173 2748; baseline -0.013 -15"><span class='ocrx_word' id='word_1_354' title='bbox 695 2684 759 2733; x_wconf 86' lang='lat' dir='ltr'>wird</span> <span class='ocrx_word' id='word_1_355' title='bbox 772 2683 802 2733; x_wconf 89' lang='lat' dir='ltr'>de</span> <span class='ocrx_word' id='word_1_356' title='bbox 815 2698 852 2732; x_wconf 89' lang='lat' dir='ltr'>or.</span> <span class='ocrx_word' id='word_1_357' title='bbox 864 2680 882 2748; x_wconf 87' lang='lat'>1,</span> <span class='ocrx_word' id='word_1_358' title='bbox 895 2681 936 2745; x_wconf 84' lang='lat'>39,</span> <span class='ocrx_word' id='word_1_359' title='bbox 951 2680 998 2729; x_wconf 74' lang='lat'>177</span> <span class='ocrx_word' id='word_1_360' title='bbox 1012 2679 1173 2745; x_wconf 87' lang='lat' dir='ltr'>besprochen.</span> 
     </span>
    </p>
   </div>
   <div class='ocr_carea' id='block_1_10' title="bbox 696 2762 1198 3036">
    <p class='ocr_par' dir='ltr' id='par_1_14' title="bbox 696 2762 1198 3036">
     <span class='ocr_line' id='line_1_51' title="bbox 731 2762 1196 2833; baseline -0.019 -13"><span class='ocrx_word' id='word_1_361' title='bbox 731 2768 757 2820; x_wconf 87' lang='lat' dir='ltr'>C.</span> <span class='ocrx_word' id='word_1_362' title='bbox 764 2766 873 2833; x_wconf 77' lang='lat' dir='ltr'>Sergius</span> <span class='ocrx_word' id='word_1_363' title='bbox 882 2764 959 2831; x_wconf 84' lang='lat' dir='ltr'>Situs,</span> <span class='ocrx_word' id='word_1_364' title='bbox 964 2765 1071 2816; x_wconf 87' lang='lat' dir='ltr'>Praetor</span> <span class='ocrx_word' id='word_1_365' title='bbox 1080 2763 1128 2812; x_wconf 77' lang='grc'>657</span> <span class='ocrx_word' id='word_1_366' title='bbox 1137 2762 1196 2827; x_wconf 78' lang='grc'><strong>(97),</strong></span> 
     </span>
     <span class='ocr_line' id='line_1_52' title="bbox 696 2832 1198 2888; baseline -0.016 0"><span class='ocrx_word' id='word_1_367' title='bbox 696 2837 788 2888; x_wconf 85' lang='lat' dir='ltr'>erbielt</span> <span class='ocrx_word' id='word_1_368' title='bbox 811 2837 857 2885; x_wconf 88' lang='lat' dir='ltr'>deu</span> <span class='ocrx_word' id='word_1_369' title='bbox 881 2835 1013 2884; x_wconf 84' lang='lat' dir='ltr'>Reiuamen</span> <span class='ocrx_word' id='word_1_370' title='bbox 1034 2832 1113 2882; x_wconf 83' lang='lat' dir='ltr'>Orata</span> <span class='ocrx_word' id='word_1_371' title='bbox 1137 2832 1198 2881; x_wconf 84' lang='lat' dir='ltr'>nach</span> 
     </span>
     <span class='ocr_line' id='line_1_53' title="bbox 696 2900 1198 2970; baseline -0.01 -15"><span class='ocrx_word' id='word_1_372' title='bbox 696 2905 788 2955; x_wconf 79' lang='lat' dir='ltr'>Festus</span> <span class='ocrx_word' id='word_1_373' title='bbox 798 2920 821 2970; x_wconf 93' lang='lat' dir='ltr'>p.</span> <span class='ocrx_word' id='word_1_374' title='bbox 830 2902 877 2952; x_wconf 83' lang='lat'>182</span> <span class='ocrx_word' id='word_1_375' title='bbox 889 2917 977 2966; x_wconf 79' lang='lat' dir='ltr'>vvegen</span> <span class='ocrx_word' id='word_1_376' title='bbox 991 2902 1037 2950; x_wconf 88' lang='lat' dir='ltr'>der</span> <span class='ocrx_word' id='word_1_377' title='bbox 1049 2900 1112 2950; x_wconf 86' lang='lat' dir='ltr'>zwei</span> <span class='ocrx_word' id='word_1_378' title='bbox 1124 2915 1198 2963; x_wconf 77' lang='lat' dir='ltr'>gros-</span> 
     </span>
     <span class='ocr_line' id='line_1_54' title="bbox 696 2969 1197 3036; baseline -0.014 -12"><span class='ocrx_word' id='word_1_379' title='bbox 696 2989 741 3024; x_wconf 80' lang='grc'>666</span> <span class='ocrx_word' id='word_1_380' title='bbox 765 2973 871 3036; x_wconf 81' lang='lat' dir='ltr'>gotdnen</span> <span class='ocrx_word' id='word_1_381' title='bbox 893 2969 992 3034; x_wconf 80' lang='lat' dir='ltr'>Riuge,</span> <span class='ocrx_word' id='word_1_382' title='bbox 1017 2969 1058 3018; x_wconf 90' lang='lat' dir='ltr'>die</span> <span class='ocrx_word' id='word_1_383' title='bbox 1079 2984 1107 3018; x_wconf 88' lang='lat' dir='ltr'>er</span> <span class='ocrx_word' id='word_1_384' title='bbox 1131 2976 1197 3032; x_wconf 79' lang='lat' dir='ltr'>trug,</span> 
     </span>
    </p>
   </div>
   <div class='ocr_carea' id='block_1_11' title="bbox 696 3036 1235 3100">
    <p class='ocr_par' dir='ltr' id='par_1_15' title="bbox 696 3036 1235 3100">
     <span class='ocr_line' id='line_1_55' title="bbox 696 3036 1235 3100; baseline -0.013 -9"><span class='ocrx_word' id='word_1_385' title='bbox 696 3041 758 3091; x_wconf 90' lang='grc'><strong>6666</strong></span> <span class='ocrx_word' id='word_1_386' title='bbox 772 3039 882 3091; x_wconf 90' lang='lat' dir='ltr'>Macrob.</span> <span class='ocrx_word' id='word_1_387' title='bbox 897 3046 944 3090; x_wconf 88' lang='lat' dir='ltr'>sat.</span> <span class='ocrx_word' id='word_1_388' title='bbox 954 3036 994 3100; x_wconf 89' lang='lat'>111,</span> <span class='ocrx_word' id='word_1_389' title='bbox 1009 3037 1039 3086; x_wconf 83' lang='lat'>15</span> <span class='ocrx_word' id='word_1_390' title='bbox 1053 3052 1140 3100; x_wconf 79' lang='lat' dir='ltr'>wegen</span> <span class='ocrx_word' id='word_1_391' title='bbox 1150 3037 1199 3086; x_wconf 90' lang='lat' dir='ltr'>sei·</span> <span class='ocrx_word' id='word_1_392' title='bbox 1231 3071 1235 3077; x_wconf 84' lang='lat'>.</span> 
     </span>
    </p>
   </div>
   <div class='ocr_carea' id='block_1_12' title="bbox 696 3103 1199 3295">
    <p class='ocr_par' dir='ltr' id='par_1_16' title="bbox 696 3103 1199 3295">
     <span class='ocr_line' id='line_1_56' title="bbox 696 3103 1196 3160; baseline -0.014 0"><span class='ocrx_word' id='word_1_393' title='bbox 696 3107 872 3160; x_wconf 86' lang='lat' dir='ltr'>uerVorliebe</span> <span class='ocrx_word' id='word_1_394' title='bbox 893 3108 993 3157; x_wconf 80' lang='lat' dir='ltr'>auden</span> <span class='ocrx_word' id='word_1_395' title='bbox 1016 3103 1196 3155; x_wconf 86' lang='lat' dir='ltr'>Goldiorellen.</span> 
     </span>
     <span class='ocr_line' id='line_1_57' title="bbox 696 3174 1199 3236; baseline -0.014 -8"><span class='ocrx_word' id='word_1_396' title='bbox 696 3177 733 3228; x_wconf 80' lang='lat' dir='ltr'>Er</span> <span class='ocrx_word' id='word_1_397' title='bbox 765 3177 830 3226; x_wconf 82' lang='lat' dir='ltr'>wind</span> <span class='ocrx_word' id='word_1_398' title='bbox 862 3175 994 3225; x_wconf 87' lang='lat' dir='ltr'>mehrmals</span> <span class='ocrx_word' id='word_1_399' title='bbox 1028 3174 1065 3235; x_wconf 75' lang='lat' dir='ltr'>ais</span> <span class='ocrx_word' id='word_1_400' title='bbox 1095 3187 1199 3236; x_wconf 81' lang='lat' dir='ltr'>grosser</span> 
     </span>
     <span class='ocr_line' id='line_1_58' title="bbox 697 3244 984 3295; baseline -0.007 -1"><span class='ocrx_word' id='word_1_401' title='bbox 697 3245 850 3295; x_wconf 87' lang='lat' dir='ltr'>Schlernmer</span> <span class='ocrx_word' id='word_1_402' title='bbox 862 3244 984 3293; x_wconf 79' lang='lat' dir='ltr'>erw&#39;dbnt.</span> 
     </span>
    </p>
   </div>
   <div class='ocr_carea' id='block_1_13' title="bbox 696 3321 1199 3530">
    <p class='ocr_par' dir='ltr' id='par_1_17' title="bbox 696 3321 1199 3530">
     <span class='ocr_line' id='line_1_59' title="bbox 730 3321 1199 3390; baseline -0.009 -14"><span class='ocrx_word' id='word_1_403' title='bbox 730 3327 883 3390; x_wconf 78' lang='lat' dir='ltr'>serviebant,</span> <span class='ocrx_word' id='word_1_404' title='bbox 896 3341 923 3375; x_wconf 88' lang='lat' dir='ltr'>es</span> <span class='ocrx_word' id='word_1_405' title='bbox 934 3325 1025 3376; x_wconf 85' lang='lat' dir='ltr'>iastcte</span> <span class='ocrx_word' id='word_1_406' title='bbox 1035 3323 1075 3375; x_wconf 86' lang='lat' dir='ltr'>ein</span> <span class='ocrx_word' id='word_1_407' title='bbox 1085 3321 1199 3374; x_wconf 89' lang='lat' dir='ltr'>Servitut</span> 
     </span>
     <span class='ocr_line' id='line_1_60' title="bbox 696 3393 792 3444; baseline -0.01 0"><span class='ocrx_word' id='word_1_408' title='bbox 696 3393 792 3444; x_wconf 87' lang='lat' dir='ltr'>darauf.</span> 
     </span>
     <span class='ocr_line' id='line_1_61' title="bbox 729 3459 1198 3530; baseline -0.011 -18"><span class='ocrx_word' id='word_1_409' title='bbox 729 3465 756 3513; x_wconf 80' lang='lat' dir='ltr'>irc</span> <span class='ocrx_word' id='word_1_410' title='bbox 768 3463 905 3530; x_wconf 83' lang='lat' dir='ltr'>mancipio,</span> <span class='ocrx_word' id='word_1_411' title='bbox 923 3461 986 3512; x_wconf 88' lang='lat' dir='ltr'>beim</span> <span class='ocrx_word' id='word_1_412' title='bbox 1003 3460 1141 3510; x_wconf 87' lang='lat' dir='ltr'>Abscbluss</span> <span class='ocrx_word' id='word_1_413' title='bbox 1153 3459 1198 3508; x_wconf 88' lang='lat' dir='ltr'>des</span> 
     </span>
    </p>
   </div>
   <div class='ocr_carea' id='block_1_14' title="bbox 690 3523 1211 3600">
    <p class='ocr_par' dir='ltr' id='par_1_18' title="bbox 690 3523 1211 3600">
     <span class='ocr_line' id='line_1_62' title="bbox 690 3523 1211 3600; baseline -0.01 -20"><span class='ocrx_word' id='word_1_414' title='bbox 690 3523 784 3580; x_wconf 54' lang='lat' dir='ltr'>&#39;Manis</span> <span class='ocrx_word' id='word_1_415' title='bbox 813 3530 852 3580; x_wconf 86' lang='grc' dir='ltr'>Α6</span> <span class='ocrx_word' id='word_1_416' title='bbox 869 3531 914 3581; x_wconf 90' lang='lat' dir='ltr'>der</span> <span class='ocrx_word' id='word_1_417' title='bbox 931 3528 1100 3579; x_wconf 83' lang='lat' dir='ltr'>betreffeudcn</span> <span class='ocrx_word' id='word_1_418' title='bbox 1118 3525 1211 3600; x_wconf 47' lang='lat' dir='ltr'>StellcK</span> 
     </span>
    </p>
   </div>
   <div class='ocr_carea' id='block_1_15' title="bbox 697 3591 1197 3730">
    <p class='ocr_par' dir='ltr' id='par_1_19' title="bbox 697 3591 1197 3730">
     <span class='ocr_line' id='line_1_63' title="bbox 697 3591 1197 3666; baseline -0.01 -18"><span class='ocrx_word' id='word_1_419' title='bbox 697 3599 727 3648; x_wconf 86' lang='lat' dir='ltr'>de</span> <span class='ocrx_word' id='word_1_420' title='bbox 740 3605 804 3649; x_wconf 84' lang='lat' dir='ltr'>orat.</span> <span class='ocrx_word' id='word_1_421' title='bbox 817 3599 886 3648; x_wconf 87' lang='lat' dir='ltr'>steht</span> <span class='ocrx_word' id='word_1_422' title='bbox 901 3600 928 3648; x_wconf 80' lang='lat' dir='ltr'>in</span> <span class='ocrx_word' id='word_1_423' title='bbox 940 3591 1131 3666; x_wconf 71' lang='lat' dir='ltr'>mmvciptitege,</span> <span class='ocrx_word' id='word_1_424' title='bbox 1145 3596 1168 3645; x_wconf 94' lang='lat' dir='ltr'>d.</span> <span class='ocrx_word' id='word_1_425' title='bbox 1181 3595 1197 3643; x_wconf 91' lang='lat' dir='ltr'>i.</span> 
     </span>
     <span class='ocr_line' id='line_1_64' title="bbox 697 3665 930 3730; baseline 0 -14"><span class='ocrx_word' id='word_1_426' title='bbox 697 3667 730 3716; x_wconf 87' lang='lat' dir='ltr'>im</span> <span class='ocrx_word' id='word_1_427' title='bbox 741 3665 930 3730; x_wconf 79' lang='lat' dir='ltr'>Runicontract.</span> 
     </span>
    </p>
   </div>
   <div class='ocr_carea' id='block_1_16' title="bbox 731 3748 1176 3814">
    <p class='ocr_par' dir='ltr' id='par_1_20' title="bbox 731 3748 1176 3814">
     <span class='ocr_line' id='line_1_65' title="bbox 731 3748 1176 3814; baseline -0.016 -10"><span class='ocrx_word' id='word_1_428' title='bbox 731 3751 760 3804; x_wconf 79' lang='lat' dir='ltr'>L.</span> <span class='ocrx_word' id='word_1_429' title='bbox 772 3751 885 3804; x_wconf 80' lang='lat' dir='ltr'>Licinius</span> <span class='ocrx_word' id='word_1_430' title='bbox 898 3751 1020 3803; x_wconf 77' lang='lat' dir='ltr'>Crassus:</span> <span class='ocrx_word' id='word_1_431' title='bbox 1032 3749 1051 3814; x_wconf 90' lang='lat'>1,</span> <span class='ocrx_word' id='word_1_432' title='bbox 1064 3749 1104 3814; x_wconf 88' lang='lat'>30,</span> <span class='ocrx_word' id='word_1_433' title='bbox 1120 3748 1176 3798; x_wconf 85' lang='lat'><strong>108.</strong></span> 
     </span>
    </p>
   </div>
   <div class='ocr_carea' id='block_1_17' title="bbox 698 3834 1198 4040">
    <p class='ocr_par' dir='ltr' id='par_1_21' title="bbox 698 3834 1198 4040">
     <span class='ocr_line' id='line_1_66' title="bbox 731 3834 1198 3902; baseline -0.009 -14"><span class='ocrx_word' id='word_1_434' title='bbox 731 3839 874 3889; x_wconf 72' lang='lat' dir='ltr'>Antonius.-</span> <span class='ocrx_word' id='word_1_435' title='bbox 892 3835 922 3902; x_wconf 86' lang='lat'>11,</span> <span class='ocrx_word' id='word_1_436' title='bbox 937 3837 976 3901; x_wconf 80' lang='lat'>14,</span> <span class='ocrx_word' id='word_1_437' title='bbox 989 3837 1030 3887; x_wconf 86' lang='grc'>49.</span> <span class='ocrx_word' id='word_1_438' title='bbox 1055 3836 1107 3885; x_wconf 87' lang='lat' dir='ltr'>Der</span> <span class='ocrx_word' id='word_1_439' title='bbox 1118 3834 1198 3886; x_wconf 88' lang='lat' dir='ltr'>Vater</span> 
     </span>
     <span class='ocr_line' id='line_1_67' title="bbox 698 3903 1198 3958; baseline -0.008 -2"><span class='ocrx_word' id='word_1_440' title='bbox 698 3907 742 3956; x_wconf 87' lang='lat' dir='ltr'>des</span> <span class='ocrx_word' id='word_1_441' title='bbox 760 3903 919 3958; x_wconf 75' lang='lat' dir='ltr'>Gratidianus</span> <span class='ocrx_word' id='word_1_442' title='bbox 941 3920 994 3955; x_wconf 85' lang='lat' dir='ltr'>war</span> <span class='ocrx_word' id='word_1_443' title='bbox 1013 3905 1058 3955; x_wconf 87' lang='lat' dir='ltr'>mit</span> <span class='ocrx_word' id='word_1_444' title='bbox 1074 3903 1198 3954; x_wconf 78' lang='lat' dir='ltr'>Antonius</span> 
     </span>
     <span class='ocr_line' id='line_1_68' title="bbox 698 3971 1143 4040; baseline -0.011 -14"><span class='ocrx_word' id='word_1_445' title='bbox 698 3973 758 4027; x_wconf 79' lang='lat' dir='ltr'>s&#39;ebr</span> <span class='ocrx_word' id='word_1_446' title='bbox 768 3973 929 4036; x_wconf 78' lang='lat' dir='ltr'>baireundet3</span> <span class='ocrx_word' id='word_1_447' title='bbox 948 3974 1018 4025; x_wconf 85' lang='lat' dir='ltr'>Brut.</span> <span class='ocrx_word' id='word_1_448' title='bbox 1032 3973 1071 4040; x_wconf 78' lang='lat'>45,</span> <span class='ocrx_word' id='word_1_449' title='bbox 1087 3971 1143 4022; x_wconf 83' lang='lat'><strong>168.</strong></span> 
     </span>
    </p>
   </div>
   <div class='ocr_carea' id='block_1_18' title="bbox 0 0 1402 4486">
    <p class='ocr_par' dir='ltr' id='par_1_22' title="bbox 0 0 1402 4486">
     <span class='ocr_line' id='line_1_69' title="bbox 0 0 1402 4486; baseline 0 0"><span class='ocrx_word' id='word_1_450' title='bbox 0 0 1402 4486; x_wconf 95' lang='lat' dir='ltr'> </span> 
     </span>
    </p>
   </div>
  </div>
 </body>
</html>
