2788 4486
537 287 820 341 mmmmm
1115 289 1210 351 ‹ffi5

79 460 88 474 ·
151 460 217 503 esse
232 449 369 522 possunt.
396 441 473 503 liaeo
488 442 566 518 enim
583 443 687 516 ollioia,
704 443 739 504 de
751 442 855 521 quihus
867 441 912 504 his
923 441 1004 503 lihris
1016 442 1210 521 disputamus,
1234 457 1265 508 14

150 525 246 588 media
264 526 356 587 Stoici
371 528 530 606 appellant:
547 547 579 588 ee
595 529 762 589 eommunia
777 536 846 588 sunt
861 535 889 588 et
902 528 958 588 late
972 534 1080 606 petent,
1097 545 1169 606 quae
1184 535 1213 588 et

151 611 259 690 ingenii
281 611 410 672 bonitate
424 613 508 674 multi
524 621 722 692 assequuntur
736 622 766 674 et
780 613 988 692 progressione
1003 611 1143 674 discendi.
1174 611 1212 672 ll-

149 698 198 758 lud
215 704 312 758 autem
328 697 471 770 alliciam,
489 698 567 778 quod
582 706 694 758 reolum
709 698 798 760 iidem
815 696 972 776 appellent,
992 699 1151 776 perfeetum
1167 703 1212 758 at-

149 802 206 862 que
225 781 392 843 ahsolutum
412 790 457 845 est
477 791 518 856 et,
544 791 576 843 ut
597 783 684 844 iidem
706 783 818 854 dieunt,
840 800 943 844 omnes
963 801 1104 843 numeros
1124 781 1212 842 hahet
1274 849 1287 860 ..

149 887 205 930 nee
218 873 334 963 praeter
348 868 510 946 sapientem
525 869 625 929 eadere
639 868 670 928 in
685 886 858 948 quemquam
876 875 982 946 potest.
1023 867 1097 928 Cum
1113 869 1210 927 autem
1221 863 1263 931 '1'5

149 952 257 1032 aliquid
277 960 374 1013 aetum
395 953 487 1014 estin
510 971 567 1033 quo
584 951 678 1013 media
694 953 788 1014 ollioia
804 960 1003 1030 compareant,
1022 952 1051 1012 id
1068 951 1212 1012 cumulate

78 1059 86 1071 ¹
150 1039 264 1099 videtur
279 1055 344 1098 esse
359 1038 534 1115 perfeetum,
551 1045 706 1118 propterea
722 1038 802 1116 quod
816 1035 919 1115 vulgus
934 1037 1002 1116 quid
1019 1030 1095 1102 ahsit
1109 1055 1126 1096 a
1141 1053 1211 1113 per·
1294 1051 1300 1058 ·

150 1126 227 1184 lecto
247 1140 310 1182 non
329 1125 389 1184 lere
407 1123 559 1200 intellegit:
582 1132 724 1202 quatenus
745 1131 843 1183 autem
863 1122 1010 1201 intellegit,
1037 1120 1108 1181 nihil
1128 1127 1212 1200 putat

150 1207 405 1289 praetermissum:
427 1208 506 1286 quod
525 1207 595 1268 item
615 1209 645 1268 in
660 1208 817 1286 poematis,
833 1208 864 1267 in
880 1207 1000 1286 picturis
1017 1223 1074 1268 usu
1088 1205 1211 1266 venitin

152 1293 273 1371 aliisque
289 1292 498 1371 oomplurihns
515 1300 547 1352 ut
563 1293 739 1354 delectentur
753 1292 880 1371 imperiti
895 1293 1122 1373 laudentquekea
1138 1307 1211 1369 quae

150 1376 291 1440 laudanda
306 1395 368 1437 non
384 1378 454 1451 sint,
471 1378 508 1437 oh
524 1396 602 1450 eam,
619 1378 716 1450 erede,
733 1395 859 1450 oausam,
875 1378 954 1455 quod
969 1377 1039 1437 insit
1052 1375 1083 1435 in
1096 1374 1143 1436 his
1159 1373 1212 1434 ali-

153 1463 223 1543 quid
238 1463 324 1542 prohi
340 1463 418 1541 quod
435 1463 529 1540 capiat
543 1463 676 1542 ignaros,
698 1463 747 1542 qui
763 1462 879 1541 quidem
896 1462 964 1541 quid
979 1461 1009 1521 in
1024 1478 1081 1521 una
1097 1478 1211 1538 quaque

150 1569 182 1611 re
201 1548 261 1609 vitii
282 1549 319 1608 sit
338 1555 485 1626 nequeant
504 1548 640 1608 iudicare.
673 1547 773 1626 ltaque
793 1566 860 1608 eum
880 1554 950 1608 sunt
969 1545 1046 1607 docti
1065 1565 1082 1606 a
1102 1544 1257 1624 peritis

151 1634 297 1696 desistunt
311 1634 391 1694 laoile
407 1633 557 1694 sententia.
584 1633 660 1693 Haec
674 1633 762 1714 igitur
777 1631 881 1704 officia,
897 1633 933 1692 de
948 1631 1053 1711 quihus
1068 1631 1116 1691 his
1130 1629 1194 1690 lihri
1210 1625 1249 1722 lq

152 1718 334 1792 disserimus,
352 1718 434 1797 quasi
450 1720 577 1780 secunda
592 1719 733 1800 quaedam
749 1718 873 1778 honesta
887 1735 953 1778 esse
964 1717 1072 1788 dieunt,
1087 1732 1148 1775 non
1161 1729 1264 1789 seqq

151 1805 293 1885 pientiam
315 1803 404 1864 modo
425 1803 558 1882 propria,
580 1804 632 1864 sed
651 1823 717 1864 omn
738 1803 820 1863 omni
834 1801 989 1862 hominum
1006 1818 1111 1880 genere
1127 1818 1209 1860 eom·
1274 1797 1277 1804 ’

152 1891 260 1952 munia.
288 1889 387 1968 ltaque
402 1888 437 1949 iis
453 1906 566 1963 omnes
580 1888 609 1948 in
626 1889 731 1968 quihus
746 1896 791 1948 est
805 1888 920 1948 virtutis
935 1887 1058 1959 indoles,
1075 1902 1210 1946 eommo-

130 1981 263 2037 ‘ventun
298 1975 358 2036 Neo
376 1993 444 2035 vero
466 1993 532 2034 oum
553 1975 612 2034 duo
631 1973 708 2034 Decii
728 1981 778 2034 ant
797 1973 855 2034 duo
877 1972 1027 2052 Scipiones
1048 1972 1138 2032 fortes
1157 1969 1212 2030 viri

152 2067 422 2122 commemorantur
438 2067 487 2120 aut
507 2077 573 2120 eum
594 2057 744 2119 Fabricius
765 2065 814 2119 aut
833 2058 975 2120 Aristides
996 2057 1091 2118 iustus
1112 2055 1211 2116 nomi-

151 2154 251 2218 natur,
272 2151 321 2206 aut
334 2145 369 2205 ah
385 2145 440 2206 illis
456 2143 635 2205 fortitudinis
651 2149 701 2205 aut
714 2143 750 2204 ah
765 2143 812 2204 his
827 2143 952 2210 iustitiae
966 2151 1113 2221 tamquam
1130 2159 1147 2201 a
1162 2158 1210 2200 sa·
1241 2140 1245 2158 '

152 2232 249 2310 piente
262 2230 371 2309 petitur
385 2229 558 2308 exemplum.
586 2229 679 2290 Nemo
696 2230 775 2289 enim
790 2230 898 2290 horum
915 2228 957 2288 sie
972 2227 1098 2306 sapiens,
1113 2234 1146 2287 ut
1162 2243 1210 2286 sa-

189 2381 230 2431 14.
255 2379 338 2431 Ueber
359 2381 406 2430 den
425 2378 507 2429 lnhalt
526 2381 570 2429 des
591 2379 615 2445 ξ.
634 2395 655 2430 s.

709 2384 789 2447 nesta,
803 2381 847 2430 das
857 2379 970 2430 Ehrhare
983 2379 1092 2429 zweiten
1103 2376 1211 2440 Renges.

155 2445 398 2511 fflmumhdh

710 2448 780 2498 Ohne
792 2451 868 2514 quasi
877 2449 947 2499 hdtre
957 2448 1008 2498 Cic.
1018 2448 1065 2497 den
1078 2445 1212 2498 Ausdruek

188 2517 254 2567 Haeo
266 2519 340 2566 enim.
365 2515 416 2565 Der
433 2517 508 2566 durch
523 2517 590 2566 enim
601 2516 655 2566 ein-

154 2585 271 2650 geliihrte
290 2583 375 2636 Grund
396 2585 464 2634 steht
484 2593 538 2634 erst
558 2584 583 2632 in
601 2584 656 2634 dem

153 2653 341 2714 Relativsatze;
355 2669 378 2702 z.
388 2651 407 2714 l,
417 2651 457 2714 33,
471 2651 525 2708 119.
540 2650 569 2716 ll,
580 2653 603 2713 5,
615 2652 655 2702 17.

187 2723 288 2788 ingenii
305 2722 416 2771 bonitate
432 2725 458 2770 et
470 2723 656 2788 progressione

153 2789 272 2841 discendi.
297 2789 380 2839 Duroh
393 2781 494 2858 εὐφυΐα
504 2790 552 2853 τῆς
565 2789 657 2854 ψυχῆς

153 2859 202 2908 und
215 2852 346 2924 προκοπή
363 2857 429 2906 kann
446 2871 501 2906 man
519 2856 575 2906 dem
586 2854 655 2906 ideal

153 2927 197 2976 des
220 2926 323 2977 Weisen
348 2925 482 2988 mdgliehst
503 2925 565 2974 nahe
586 2924 656 2974 kom-

153 3009 216 3044 men.
240 2993 265 3044 S.
278 2993 343 3044 Einl.
367 2993 441 3042 lleide
453 2993 556 3042 werden
569 2993 655 3041 darum

154 3063 215 3112 aueh
244 3069 318 3112 unter
342 3061 382 3110 die
407 3060 655 3110 sohiitzenswerthen

153 3129 567 3200 hingo,mpoqypa‘emgereehnet.
582 3144 654 3198 προ-

154 3193 227 3264 κοπή
248 3198 379 3249 iihersetzt
399 3197 450 3248 Cio.
469 3197 559 3283 riohtig
576 3197 653 3246 durch

149 3282 302 3449 ΐοῖξέεῗῗὲἵ
311 3265 481 3382 ιξιζῖἰθζυένιξὲξη
489 3263 654 3384 ‹wisgeulgqqd

154 3418 184 3451 ru
214 3437 220 3448 .

123 3508 124 3511 η
189 3483 405 3519 umeroshumeros
418 3469 505 3518 debet:
522 3469 653 3518 wdrtliehe

153 3535 355 3616 Uehersetzung'
370 3551 419 3586 von
448 3529 555 3591 πάντας
583 3533 654 3603 ἔχων

152 3603 654 3723 illittdltteltltltlhtlt:

151 3757 205 3792 mer
227 3741 253 3791 in
277 3739 449 3790 Redensarteo
471 3741 518 3789 wie
537 3741 653 3791 erunibus

151 3813 265 3860 numeras
276 3809 410 3860 obsoletos
423 3825 446 3858 u.
460 3808 599 3858 iihnlichen.
630 3835 633 3848 ‹

189 3877 226 3928 15.
245 3879 385 3944 densere:
410 3893 442 3926 zu
453 3875 482 3938 ΙΙ,
496 3875 537 3938 20,
550 3875 591 3924 69,
621 3913 625 3920 .

187 3937 217 3997 4.
231 3945 269 3997 16.
279 3949 355 4012 quasi
361 3943 600 4012 secundoquoadom
608 3944 653 3995 he-

709 2517 760 2565 wol
767 2517 835 2567 nieht
843 2516 967 2566 hrauehen
977 2517 1082 2566 ldnnen.
1094 2514 1211 2566 Auohdio

710 2583 813 2634 Stoilrer
830 2600 907 2648 sagen
920 2601 968 2634 nur
983 2585 1057 2654 μέσα
1072 2578 1211 2648 καθήκον-

710 2668 751 2714 τα,
766 2653 833 2703 nieht
846 2647 977 2724 δεύτερον
989 2645 1081 2703 καλόν.

744 2725 944 2770 eenemooentur:
956 2718 984 2785 ll,
997 2721 1019 2786 9,
1033 2719 1074 2768 32.
1092 2717 1213 2768 niestei-

710 2788 757 2838 ker
778 2803 853 2851 sagea
875 2791 948 2840 κινεῖ
961 2783 1011 2854 τὴν
1028 2781 1127 2856 ὁρμήν.
1160 2785 1211 2835 Das

710 2857 828 2906 sohliesst
844 2856 956 2920 augleich
969 2857 1016 2906 den
1029 2854 1127 2918 Beilall‚
1145 2868 1212 2921 συγ-

709 2919 860 2980 κατάθεσις
875 2925 921 2974 mit
933 2925 980 2974 ein.
1012 2922 1082 2974 Stoh.
1094 2922 1142 2972 eol.
1160 2923 1209 2986 eth.

709 3009 732 3058 p.
748 2991 795 3041 roo
808 3008 832 3041 u.
848 2991 903 3041 ror.
926 2990 984 3055 vgr.
997 2990 1021 3056 §-
1035 2991 1075 3042 35.
1275 3004 1277 3006 ·

743 3059 1212 3111 autAmstides—eotadlu's-o
1306 3101 1307 3106 ,
1355 3051 1382 3108 l

709 3131 836 3196 sapiente:
860 3144 888 3178 so
909 3127 993 3178 hieten
1011 3126 1050 3177 die
1072 3126 1152 3176 Stella
1170 3125 1210 3176 die

708 3196 796 3247 hesten
809 3197 882 3246 lldss.
895 3196 945 3245 und
957 3194 1072 3246 Laetant.
1084 3193 1126 3257 Vl,
1140 3194 1163 3256 6,
1177 3191 1209 3244 26

709 3265 747 3314 ed.
760 3264 818 3314 Par.
830 3269 877 3314 eet
887 3262 1019 3314 Aristides
1031 3263 1123 3312 wellen
1135 3261 1210 3313 Viele

708 3332 843 3383 streiohen.
871 3331 940 3382 Aher
960 3332 1018 3382 dass
1040 3331 1085 3380 der
1102 3329 1208 3380 Grieehe
1278 3385 1282 3396 Ι
1381 3351 1382 3386 i

707 3400 761 3450 hier
785 3407 859 3450 unter
887 3401 934 3450 den
958 3398 1067 3450 Rh'mern
1095 3398 1210 3447 erwiihnt

707 3469 783 3531 wird,
801 3468 879 3518 findet
891 3468 960 3517 seine
973 3467 1116 3529 Erlrliirnng
1128 3465 1209 3528 dorin,

708 3537 765 3587 dass
778 3535 908 3587 Fabricius
921 3536 971 3588 uad
982 3533 1108 3585 Aristides
1126 3533 1209 3596 einzig

707 3601 1209 3654 denBeinamendesGereohtenluihren.
1274 3616 1276 3620 ’
1381 3597 1382 3628 l

706 3672 759 3722 Der
771 3672 888 3736 Singulae
900 3687 917 3720 a
927 3673 1041 3740 sapiente
1055 3671 1090 3720 ist
1102 3675 1208 3733 gesetzt„
1239 3701 1244 3705 -

707 3755 746 3788 um
769 3739 984 3803 hervorznhehen‚
1006 3739 1063 3788 dass
1085 3735 1209 3788 desideal

707 3809 753 3857 der
765 3807 903 3870 Weisheit,
926 3808 972 3857 der
989 3822 1036 3856 nur
1051 3807 1076 3856 in
1093 3806 1138 3854 der
1149 3803 1207 3855 ldee

708 3875 861 3926 existirende
874 3875 982 3926 stoisehe
995 3874 1084 3924 Weise
1099 3873 1209 3937 gemeint

708 3943 754 3994 sei.
793 3945 864 3994 Aueh
893 3944 932 3994 die
957 3942 1059 4006 Steiker
1087 3943 1212 4010 spreohen¹
