2788 4486
1116 284 1118 288 ’
1147 303 1207 368 19⁷

147 459 397 540 Conscripserunt
411 459 618 521 communiter
644 459 770 521 edictum
793 477 859 520 oum
881 475 976 538 poena
995 466 1081 539 atque
1100 459 1207 522 iudicio

146 545 431 625 constituemntque,
461 553 494 606 ut
524 562 627 608 omnes
656 545 743 606 simul
771 545 802 604 in
827 544 934 606 Rostra
963 551 1032 624 post
1056 544 1208 606 meridiem

146 632 348 694 escenderent.
378 631 415 692 El
434 631 520 692 ceteri
541 630 658 710 quidem
680 630 752 692 allus
773 629 843 703 alio,
864 629 972 691 Marius
988 648 1004 690 a
1018 629 1162 691 subselliis
1177 631 1208 691 in

145 717 255 780 Rostra
269 723 346 776 recta
360 715 462 795 idque,
482 717 561 795 quod
577 715 771 777 communiter
786 714 986 794 compositum
1000 717 1105 788 luerat,
1125 716 1207 777 solus

146 801 243 864 edixit
284 801 322 862 Et
342 820 375 861 ea
395 820 455 872 res,
476 801 502 861 si
522 800 652 880 quaeriS,
673 801 825 879 almagno
845 799 953 860 honori
968 799 1030 861 fuit
1062 800 1207 862 Omnibus

143 887 215 949 vicis
228 894 348 958 statuae,
365 886 530 960 admetus,
547 886 631 947 cerei.
648 885 735 959 ‘Quid
746 882 862 946 multa?
876 903 965 946 nemo
979 903 1118 964 umquam
1129 885 1206 947 mul·

145 972 264 1034 titudini
284 970 338 1032 luit
358 969 459 1032 carior.
491 971 568 1032 Haec
588 971 658 1032 sunt
672 989 746 1050 quae
762 970 939 1031 conturbent
952 969 983 1030 in
999 969 1207 1032 deliberatione
1228 981 1259 1032 81

145 1075 207 1119 non
228 1075 404 1136 numquam,
425 1074 491 1118 cum
511 1057 556 1129 id,
577 1056 606 1117 in
628 1074 687 1135 quo
706 1055 829 1116 violatur
848 1055 989 1134 aequites
1010 1073 1070 1116 non
1089 1055 1128 1116 ite
1143 1074 1207 1117 ma-
1250 1061 1251 1066 ’

148 1161 254 1222 gnum,
270 1141 340 1203 illud
356 1149 468 1214 autem,
485 1141 564 1221 quod
579 1161 614 1201 ex
629 1160 663 1202 eo
680 1141 805 1220 paritur,
823 1155 1017 1221 permagnum
1032 1140 1160 1213 videtur,
1176 1149 1208 1202 ut

130 1227 238 1290 ·llario
264 1226 430 1306 praeripere
456 1226 574 1305 collegis
601 1233 630 1287 et
648 1226 775 1288 tribunis
794 1224 874 1305 plebi
894 1225 1065 1305 popularem
1086 1225 1208 1304 gratiam

146 1331 208 1374 non
223 1313 262 1374 ita
277 1318 371 1390 turpe,
387 1313 537 1373 consulem
555 1311 593 1372 ob
608 1329 672 1372 eam
687 1330 749 1373 rem
765 1311 837 1385 fieri,
854 1311 934 1390 quod
950 1311 1007 1372 sibi
1018 1318 1082 1371 tum
1093 1329 1207 1390 propo-

148 1405 254 1470 suerat,
270 1397 351 1459 ralde
365 1396 434 1458 utile
448 1397 609 1459 videbatur.
640 1397 698 1458 Sed
714 1395 847 1458 omnium
863 1413 921 1456 una
935 1395 1033 1473 regula
1048 1403 1102 1469 est,
1119 1413 1207 1475 quam

146 1483 199 1546 tibi
214 1483 300 1562 cupio
316 1501 382 1543 esse
396 1481 591 1555 notissimam,
607 1489 657 1543 aut
671 1481 750 1554 illud,
766 1481 845 1561 quod
859 1481 928 1544 utile
939 1480 1060 1553 videtur,
1074 1487 1160 1560 turpe
1170 1499 1208 1542 ne

147 1570 185 1631 sit
200 1577 262 1643 aut,
278 1567 304 1628 si
318 1574 404 1646 tinpe
418 1574 476 1641 est,
489 1585 527 1628 ne
542 1567 671 1628 rideatur
690 1585 756 1628 esse
769 1566 848 1628 utile.
879 1565 956 1639 Quid
971 1563 1081 1645 igitur?
1096 1585 1207 1646 possu-

146 1672 252 1716 musne
273 1660 324 1714 aut
340 1652 420 1714 illum
436 1652 559 1714 Marium
574 1653 668 1713 virum
687 1652 799 1713 bonum
814 1651 942 1712 iudicare
957 1657 1007 1712 aut
1020 1648 1123 1712 hunc?
1148 1651 1207 1712 Ex·

147 1740 221 1820 plica
237 1745 322 1818 atque
338 1746 437 1799 excute
456 1737 679 1818 intellegentiam
700 1745 792 1811 tuam,
819 1745 851 1798 ut
864 1736 961 1797 videas
982 1755 1055 1816 quae
1077 1736 1160 1798 sitin
1175 1755 1209 1800 ea

150 1823 290 1905 [species]
313 1825 407 1884 torma
426 1831 455 1884 et
474 1823 557 1884 notio
572 1823 626 1884 viri
637 1822 724 1886 boni.
755 1822 837 1884 Cadit
854 1840 924 1900 ergo
940 1822 971 1882 in
986 1822 1080 1883 virum
1095 1821 1207 1883 bonum

147 1909 264 1972 mentiri
287 1908 480 1970 emolumenti
498 1909 544 1970 sui
566 1926 665 1981 causa,
693 1906 855 1980 criminari,
881 1907 1061 1986 praeripere,
1089 1903 1208 1968 fallere?

146 1995 225 2056 Nibil
243 1994 375 2074 prolecto
395 1994 503 2055 minus.
543 1994 597 2055 Est
615 1993 703 2073 igitur
722 1993 778 2054 ulla
797 2012 844 2054 res
863 1993 935 2053 tanti
952 2000 1002 2053 aut
1017 1992 1206 2054 commodum
1229 2005 1261 2056 82

145 2080 237 2142 ullum
261 2088 321 2141 tam
347 2080 554 2159 expetendum,
581 2087 613 2142 ut
632 2079 686 2140 viri
705 2078 777 2139 boni
796 2086 825 2139 et
844 2078 1030 2158 splendorem
1050 2085 1079 2138 et
1097 2095 1208 2139 nomen

543 301 1002 392 mmmm··,

181 2283 240 2318 cam
252 2281 338 2334 poena
349 2269 376 2315 et
390 2265 498 2328 iudicio,
517 2268 563 2317 mit
574 2265 650 2318 Fest-

148 2342 255 2396 setzung
267 2332 402 2384 derStrnle
411 2333 461 2381 und
473 2334 517 2382 des
525 2334 649 2397 Gericbts,

147 2417 196 2451 vor
217 2400 271 2451 dem
293 2400 333 2449 die
351 2397 569 2466 llebertretnngen
590 2417 649 2452 ver·

146 2469 249 2520 bandelt
260 2469 362 2518 werden
374 2469 462 2518 sellen.
479 2468 649 2533 Vgl.inVerr.

148 2538 190 2589 lib.
203 2535 276 2601 1,42,
292 2535 339 2586 108
358 2535 475 2588 Cornelia
485 2565 520 2574 ·—
531 2555 648 2590 nomma-

147 2609 194 2673 n'a,
220 2609 319 2656 ceterae
335 2604 490 2673 cmuplurer,
515 2608 542 2656 in
560 2599 649 2673 padda}

145 2691 196 2726 non
207 2676 251 2725 ias
262 2673 366 2740 aliquod
375 2688 467 2724 aarum
478 2679 649 2742 consulatur,

146 2743 193 2794 aad
203 2744 330 2805 amciter,
347 2746 378 2792 at
393 2741 462 2808 qaod
476 2759 579 2811 seraper·
593 2759 649 2794 ma-

145 2811 323 2878 lum‘soctbua
344 2810 435 2877 suerit
457 2814 512 2861 arias
535 2815 651 2876 quaestio

145 2879 180 2932 ad
187 2878 312 2949 populum
323 2881 496 2946 pertinentem
505 2883 573 2930 certo
587 2885 650 2930 mm-

144 2963 215 3016 pore.
303 2976 306 2981 -

180 3028 247 3080 aliua
258 3028 307 3079 alio
321 3043 355 3078 se.
367 3044 395 3079 sc
408 3030 575 3080 contulerunt.

180 3133 197 3167 a
227 3113 355 3166 subselliis
385 3115 460 3164 nliml.
484 3115 648 3181 tribunorum,

146 3198 186 3232 wo
199 3182 239 3234 dis
251 3183 331 3234 Suebo
343 3183 492 3234 verbandelt
504 3199 565 3234 war.

180 3267 648 3335 statuae:Plin.XXXlV‚6,lbslatae-

145 3341 208 3388 rami
218 3340 244 3386 et
255 3335 389 3400 llornaea'n
402 3339 517 3388 mnitibus
529 3340 590 3388 victa
603 3341 650 3390 tri·

146 3408 193 3456 bas
205 3403 290 3456 Marto
304 3402 470 3472 Grandiam,
482 3409 513 3456 at
528 3405 649 3472 dieamus,

146 3471 648 3538 easdemquesaboertoreSullaee'atroi-
665 3521 671 3527 .

146 3545 183 3592 lu.
209 3539 305 3591 Seneca
317 3541 347 3592 de
360 3541 398 3591 ira
409 3539 450 3605 ΙΙΙ,
465 3541 495 3592 18
507 3541 544 3592 Μ.
558 3543 649 3609 Mario,

146 3612 190 3662 cai
205 3611 308 3660 adoab'm
325 3612 426 3660 statuae
435 3609 546 3678 populas
555 3627 648 3678 posae-

145 3681 201 3740 rat,
220 3679 264 3728 arai
274 3681 331 3728 ture
343 3681 369 3727 et
379 3677 435 3728 orno
446 3678 606 3747 supplicabat
614 3707 649 3716 -

145 3745 174 3796 L.
187 3743 259 3798 Sulla
268 3745 403 3813 perfringi
412 3760 503 3810 crura,
522 3750 579 3798 erat
589 3763 648 3798 oca-

146 3813 338 3883 incompactam
349 3829 441 3864 rnaaaa
455 3815 541 3866 tacut.
615 3843 619 3858 .

180 3898 222 3949 81.
246 3899 349 3968 explica
360 3903 435 3964 atrae
447 3893 539 3950 eremis
549 3899 648 3950 maara-

144 3969 273 4032 genta'am:
290 3985 313 4018 z.
327 3965 352 4032 ξ.
367 3965 407 4018 76.
436 3966 482 4016 Die
494 3966 648 4033 platoniscbe

704 2265 811 2316 Ansicbt
821 2281 870 2315 von
884 2267 931 2315 den
949 2266 1110 2330 angebornen
1122 2263 1206 2330 ldccn,
1255 2319 1257 2322 ,

703 2334 799 2384 welche
809 2335 885 2383 dureb
892 2328 1207 2404 dvdpvooarangelriscbt

703 2403 752 2451 und
765 2401 822 2451 lrlar
834 2404 948 2466 gemacht
959 2404 1073 2464 werden,
1086 2402 1150 2466 liogt
1162 2402 1207 2452 der

703 2469 845 2520 Redeosort
857 2486 889 2520 zu
901 2468 1016 2532 Grande,
1034 2469 1209 2536 intellegentia

703 2538 738 2588 ist
750 2538 796 2588 der
804 2538 924 2605 Complex
937 2539 1021 2589 dieser
1031 2537 1112 2604 ldeen,
1123 2537 1208 2590 worm

704 2605 755 2656 Cic.
768 2608 830 2656 ancli
847 2610 965 2658 conones
983 2607 1044 2657 oder
1060 2605 1207 2673 intellegea-

704 2676 756 2725 tiae
771 2681 835 2738 sagt.
1218 2711 1221 2716 ,

704 2742 1208 2875 offlffifflffifflfflffi

704 2895 733 2928 er
745 2879 786 2928 nie
798 2892 847 2928 voa
862 2879 876 2928 3
890 2879 989 2930 einzeln
1008 2881 1144 2930 stebenden
1157 2880 1205 2930 Be-

705 2947 793 3010 grlllen
808 2962 855 2996 nur
867 2948 906 2996 die
919 2947 1008 2998 beiden
1022 2948 1116 2998 letzten
1128 2948 1205 2998 durch

705 3020 731 3065 et
741 3016 803 3064 oder
814 3030 843 3065 ac
855 3015 995 3066 verbindet.
1021 3015 1059 3066 Ob
1071 3016 1133 3066 aber
1140 3017 1206 3082 sor·

704 3099 748 3134 aaa
760 3084 822 3132 oder
839 3087 935 3152 epactes
948 3084 1091 3148 geetricben
1103 3085 1205 3135 werden

703 3167 781 3215 mnes,
792 3152 858 3202 llisst
867 3151 919 3201 eleb
928 3153 1028 3216 schwei-
1036 3152 1206 3217 entscbeideu,
1316 3156 1322 3164 “
1382 3171 1383 3196 l

703 3221 735 3269 da
755 3219 828 3270 beide
849 3219 932 3284 blindg
953 3235 1000 3270 zur
1016 3219 1206 3285 Uebersetznng

704 3287 748 3338 des
770 3287 943 3353 platoniscben
967 3285 1041 3344 aldor
1054 3290 1124 3338 oder
1144 3286 1207 3340 ἰδέα

703 3355 842 3424 gebraucbt
857 3357 974 3417 werden,
992 3354 1067 3406 Tusa.
1080 3354 1105 3420 Ι,
1119 3355 1160 3421 24,
1173 3357 1205 3409 58

703 3439 768 3490 quae
776 3421 857 3474 ἰδέαν
865 3423 1082 3492 appellandarum
1090 3427 1207 3493 speciem.

703 3499 756 3558 top.
769 3492 793 3552 7,
806 3491 838 3542 30
850 3494 878 3542 ia
890 3493 1126 3558 diadeioaesormae
1137 3499 1204 3559 suat,

703 3577 766 3625 puae
780 3558 870 3612 Graem
880 3558 959 3617 ideae
969 3565 1068 3625 vocant,
1079 3563 1166 3613 neatis
1172 3589 1207 3600 -·

702 3631 800 3697 species
818 3628 956 3697 appellant,
977 3644 1029 3680 non
1067 3633 1159 3681 serino
1178 3631 1207 3680 id

702 3697 815 3763 pua'dern,
832 3697 1011 3749 eedmatiliter
1067 3697 1205 3750 rnatandoe
1295 3714 1310 3730 ⁶

702 3780 778 3816 casua
789 3768 815 3816 ln
827 3765 939 3816 dicendo.

737 3832 778 3883 82.
788 3833 947 3902 splendorem
957 3838 1081 3884 etaiomen
1095 3835 1129 3884 ist
1137 3835 1205 3886 nieht

703 3902 741 3951 als
758 3897 789 3952 lv
809 3895 857 3952 dala
876 3899 956 3952 docio
970 3902 1126 3965 euznseben,
1144 3917 1204 3952 son-

703 3970 764 4018 dern
776 3985 867 4022 nornen
879 3970 913 4020 ist
923 3991 959 4014 ==
970 3970 1059 4033 glorie.
