2774 4482
186 241 228 303 90
265 197 270 205 ¹
616 235 660 286 nn
679 233 816 286 osricus

185 393 282 458 tiones
295 393 458 457 incidamus
470 397 508 466 et,
520 389 545 452 si
556 397 682 452 attentos
694 388 810 454 animes
822 389 859 452 ad
871 389 986 452 decoris
996 391 1254 457 conservationem

119 492 166 544 132
186 478 362 542 tenebimus.
378 477 476 540 Motus
487 485 582 541 autem
595 474 762 538 animorum
773 474 903 555 duplices
916 475 1086 550 sunt,aiteri
1097 477 1253 556 cogitatio·

187 562 244 638 nis,
256 562 336 626 alteri
348 563 503 642 appetitus.
520 561 663 640 Cogitatio
673 559 777 622 iuvere
788 559 965 640 exquirendo
975 561 1252 637 maximeversatun

187 648 334 728 appetitus
346 647 467 728 impellit
477 647 513 708 ad
523 647 679 725 agendum.
699 645 869 708 Curandum
878 653 924 706 est
932 644 1022 724 igitur
1033 654 1065 708 ut
1075 647 1254 726 cogitatione

188 734 280 794 adres
293 752 380 812 quam
391 733 516 812 optimas
527 731 819 810 utamur,appetitum
829 730 935 794 rationi
946 730 1154 809 oboedientem
1164 752 1253 813 prae-

102 821 169 884 ¹37
188 818 319 880 beamus.
690 861 693 872 .

272 905 309 964 Et
329 903 469 984 quoniam
489 918 594 980 magna
615 900 659 960 vis
681 898 820 961 orationis
842 907 886 962 est
907 918 999 980 eaque
1020 902 1142 980 duplex,
1163 903 1254 966 altera

188 988 400 1061 contentionis,
420 988 507 1052 altera
522 985 682 1058 sermonis,
698 985 847 1046 oonmntio
864 984 1123 1065 disceptationibus
1139 986 1252 1049 tribua-

187 1081 236 1134 tur
250 1073 437 1146 iudiciorum‚
455 1071 641 1145 contionum,
658 1077 791 1144 senatus,
809 1073 906 1132 sermo
922 1070 954 1131 in
969 1071 1099 1144 sirudis,
1117 1071 1253 1151 disputa·
1321 1101 1327 1105 -

186 1157 333 1230 tionibus,
350 1156 610 1237 'congressionibus
631 1154 816 1216 familiarium
836 1163 982 1229 versetur,
1004 1165 1144 1236 sequatur
1164 1157 1253 1218 etiam

189 1243 328 1304 convivia.
361 1241 564 1303 Contentionis
580 1248 733 1319 praecepta
744 1241 897 1301 rhetorum
911 1249 989 1314 sunt,
1003 1242 1082 1302 nulla
1094 1243 1252 1316 sermonis,

188 1345 366 1407 quamquam
381 1327 463 1388 haud
475 1327 536 1388 seio
553 1343 590 1387 en
605 1324 725 1404 possint
738 1325 810 1386 haee
824 1344 941 1405 quoque
957 1345 1032 1388 esse.
1060 1325 1118 1387 Sed
1133 1327 1253 1390 disoen-

189 1413 262 1475 tium
281 1411 386 1474 studiis
402 1411 588 1474 inveniuntur
604 1409 750 1488 magistri,
769 1409 838 1470 huic
853 1418 950 1471 autem
967 1411 1016 1490 qui
1032 1413 1170 1472 studeant
1184 1420 1254 1475 sunt

188 1497 272 1559 ntuli:
287 1497 440 1559 rhetorum
455 1497 541 1558 turba
555 1496 660 1556 referta
672 1495 781 1556 omnia.
795 1545 798 1550 .
810 1495 994 1575 Quamquam
1004 1501 1082 1575 'quae
1093 1497 1252 1558 verborum

121 1595 168 1646 133
189 1582 458 1662 sententiarumque
476 1587 631 1660 praesepta
653 1586 736 1652 sunt,
757 1580 859 1640 eadem
879 1582 915 1642 ad
936 1599 1106 1642 sermonem
1121 1581 1252 1660 pertine-

188 1668 272 1730 bunt.
290 1740 292 1742 ¹
312 1666 370 1728 Sed
392 1666 622 1730 numerationis
643 1664 769 1726 indicem
790 1683 895 1725 vocem
914 1666 1097 1738 habeamus,
1123 1667 1153 1726 in
1179 1686 1253 1728 voee

113 1823 118 1828 ¹
190 1761 287 1816 autem
303 1747 362 1813 duo
378 1770 551 1831 sequamur,
572 1757 605 1811 ut
620 1750 696 1812 clara
711 1750 763 1824 sit,
778 1757 811 1811 ut
825 1750 937 1824 suade,
952 1759 1111 1833 utrumque
1127 1751 1252 1812 omnino

37 1829 41 1838 ’
190 1858 206 1899 a
220 1845 325 1899 natura
340 1838 501 1916 petendum
517 1845 576 1908 est,
597 1854 698 1896 verum
714 1836 836 1896 aiterum
853 1835 1021 1896 exercitatio
1037 1836 1165 1916 augebit,
1180 1837 1253 1898 alte-

188 1942 256 1984 rum
275 1921 398 1984 imitatio
417 1941 521 2006 presse
540 1920 725 2000 loquentium
740 1927 769 1980 et
783 1919 894 1982 leniter.
925 1920 1003 1982 Nihil
1018 1920 1073 1982 fuit
1088 1921 1119 1984 in
1135 1921 1252 1996 Catulis,

188 2061 267 2110 voris.
303 2058 364 2108 ldier
387 2060 456 2109 steht
480 2073 508 2108 es
532 2058 564 2107 im
587 2058 695 2108 weitern
747 2058 849 2121 wiihlte,
867 2058 1034 2123 emphatisobe
1047 2058 1115 2109 Rede
1128 2059 1255 2109 hierena-

189 2127 265 2176 Sinne
278 2125 320 2176 iiir
331 2125 532 2190 Mutblosigkeit.
748 2128 834 2192 teritio,
843 2126 1002 2176 enderwiirts
1014 2131 1104 2192 oratio,
1119 2143 1155 2177 or.
1169 2127 1209 2191 19,
1220 2125 1255 2176 64

226 2194 282 2244 132.
299 2197 442 2263 appetitum
454 2195 551 2245 raboni
561 2193 695 2249 oboediet·¹
747 2193 837 2260 Itaque
860 2208 945 2244 sermo
965 2197 1053 2262 potius
1074 2211 1151 2262 prtem
1171 2197 1254 2247 orode

191 2267 239 2314 tem
250 2265 440 2331 praebeamus,
447 2263 508 2312 Dies
518 2261 646 2314 erfordert
656 2261 695 2310 die
747 2266 794 2312 est.
817 2261 977 2327 Quamquam
988 2266 1056 2314 euim
1067 2264 1254 2315 omnetoeutto

190 2331 336 2396 Sehb'nbeit,
355 2331 416 2381 aber
430 2329 495 2380 eben
513 2330 566 2380 dies
579 2331 642 2380 anob
655 2329 694 2378 die
749 2331 895 2393 oratioest,
907 2333 990 2380 tamen
1000 2334 1078 2382 unius
1091 2335 1204 2383 oratorie
1215 2331 1254 2382 lo-

189 2398 336 2462 Miissigung
349 2393 534 2467 (ἒγκρᾶτεια),
547 2399 596 2448 und
609 2398 696 2447 darum
750 2398 870 2448 eutioboe
878 2399 1253 2466 propeoeqoeataemntnoest.

190 2467 224 2516 ist
242 2467 286 2515 das
307 2467 383 2516 sehon
401 2465 426 2530 ξ.
445 2466 490 2515 101
514 2465 624 2529 Gesagte
641 2466 697 2516 hier
782 2464 943 2530 iudiciorum,
963 2470 1116 2534 contionem,
1137 2472 1260 2519 senatus:

190 2533 346 2582 wiederhoit.
749 2534 931 2600 entspreoheud
950 2534 996 2582 den
1014 2533 1029 2582 3
1047 2535 1126 2585 Arten
1144 2537 1191 2586 der
1208 2537 1257 2586 be-

2 4097 4 4172 ἱ

225 2589 277 2652 37·
296 2599 484 2662 Eiogeseboben
501 2600 535 2649 ist
547 2617 568 2650 e.
581 2599 612 2648 37
626 2617 650 2649 u.
663 2599 695 2650 38

143 2677 145 2684 ’
191 2668 245 2718 eine
256 2666 421 2731 Abhandiung
431 2667 492 2717 iiber
502 2669 541 2717 die
548 2667 696 2718 Beredsam-

190 2737 243 2786 keit
251 2753 275 2786 u.
288 2752 308 2784 e.
319 2735 352 2784 39
362 2735 424 2785 iiber
433 2737 479 2786 den
490 2735 541 2787 Bau
551 2737 621 2786 eines
628 2735 695 2786 Hau-

191 2819 241 2867 ses,
253 2819 306 2854 uras
316 2804 361 2853 mit
369 2803 423 2854 dem
432 2805 487 2854 hier
493 2804 697 2871 zubespreehen·

192 2873 238 2922 deu
262 2871 411 2922 Absehnitte
436 2873 482 2921 der
505 2871 696 2922 Pfliebteniehre

191 2954 239 2988 nur
250 2939 304 2988 lose
318 2937 545 3001 zusammenhiingt.
564 2939 647 2989 Ueber
657 2940 696 2988 die

190 3006 390 3070 Redefertigieit
412 3005 515 3056 hundelt
537 3005 561 3056 in
586 3006 697 3070 gleieher

190 3074 280 3125 Weiss
291 3073 313 3125 11
325 3091 347 3124 ο.
363 3073 402 3124 14.

224 3142 260 3194 Et
275 3145 393 3208 quoniam
404 3157 501 3207 magna
516 3144 554 3192 eis
573 3144 697 3194 drudonis

192 3215 238 3262 est.
272 3209 298 3260 C.
318 3210 405 3260 wollte
426 3216 492 3260 etwa
510 3209 649 3260 fortiahren
666 3209 698 3262 de

191 3280 340 3345 haequoque
348 3293 431 3345 pastea
436 3277 552 3328 dicaam
558 3277 698 3343 (122126),

190 3347 251 3398 weil
264 3363 293 3396 er
305 3346 366 3396 aber
377 3345 423 3396 eui
431 3345 471 3396 die
481 3345 560 3396 hrten
572 3347 617 3396 der
629 3345 698 3396 Rede

192 3415 303 3478 sogleieh
316 3415 424 3477 eingeht,
442 3413 526 3478 bringi
542 3430 571 3464 er
586 3415 634 3464 den
647 3413 698 3465 Ge-

191 3483 288 3534 denken
298 3484 343 3533 des
350 3481 505 3533 Nuehsatzes
516 3489 595 3534 etwas
605 3483 698 3532 vertin-

193 3553 250 3602 dert
274 3551 299 3600 in
323 3553 370 3601 den
395 3548 504 3602 Warteo
528 3552 698 3601 contentionis

190 3623 330 3688 praecepta
339 3619 479 3682 rhetorum,
490 3618 699 3682 nullaoermonis,

194 3687 420 3754 quomquomboud
427 3690 479 3736 reio
490 3692 537 3737 eet.
547 3683 698 3750 vgl.§.153.

175 3767 179 3770 '
227 3757 310 3806 attera
333 3755 510 3805 contentionis.
542 3752 578 3802 hn
599 3751 699 3816 Gegen·

176 3821 180 3826 ’
194 3830 249 3874 sntz
259 3822 391 3874 zum'fono
400 3823 445 3872 des
455 3820 641 3886 gewdbnliehen
648 3820 699 3872 Ge-

194 3892 298 3956 spr'aiehs
316 3891 434 3954 (emmo)
448 3896 525 3942 neunt
537 3887 588 3940 Cio.
600 3889 641 3940 die
653 3905 699 3954 ge-

749 2601 903 2652 redsamkeit
924 2601 1051 2666 iudicium,
1075 2603 1259 2655 demonstrat·-

750 2686 821 2734 vum,
841 2667 1044 2730 deliberativum
1064 2671 1094 2720 de
1107 2671 1158 2720 inv.
1171 2669 1189 2732 I,
1203 2673 1227 2734 5,
1240 2671 1256 2720 7

751 2735 1257 2800 denonseateumestquodeeeerturrn

750 2807 858 2856 aheuirrs
870 2806 952 2853 certae
962 2818 1087 2870 personae
1097 2803 1199 2854 laudem
1208 2809 1259 2855 out

750 2875 967 2942 teutperationem,
978 2869 1177 2936 deliberativum,
1186 2872 1259 2938 quod

748 2945 864 3060 pqptitqpn
875 2943 916 2990 est
924 2939 1152 3058 {obdisoeptqqioqq
1161 2944 1188 2990 et
1195 2956 1259 3059 ortaq-i

748 3023 954 3145 1111111ῗέ1
966 3024 1075 3127 etesi?
1084 3023 1175 3139 thfr
1180 3024 1256 3141 111.

784 3145 918 3194 rhetorum
925 3147 1009 3210 turba,
1015 3144 1055 3194 die
1063 3143 1259 3196 Sobiilerscbaar

751 3211 798 3260 der
808 3211 945 3262 Rhetoren.
1122 3217 1125 3222 “

786 3295 940 3344 quamquam
960 3297 1024 3346 quoe
1043 3283 1188 3332 amborum.
1211 3280 1259 3331 Die

752 3346 927 3398 Vorsehriiten
946 3347 992 3397 der
1006 3347 1161 3399 Redelehrer
1172 3348 1258 3399 bezie·

753 3416 801 3464 heu
811 3415 863 3465 sieb
873 3413 1068 3480 auiGedanken,
1079 3416 1181 3480 Worte,
1191 3416 1258 3468 Vor-

752 3489 818 3547 trag.
841 3482 896 3533 Nur
914 3483 938 3532 in
951 3483 1036 3547 Beraq
1053 3484 1099 3534 eui
1114 3484 1258 3534 dasLetzte

752 3551 842 3602 bedurf
849 3565 877 3600 es
889 3549 931 3599 liir
940 3551 985 3600 das
993 3541 1125 3618 Gesprdeb
1134 3552 1259 3603 besoude-

753 3635 796 3669 rer
807 3617 993 3671 Vorsohriiten.

752 3685 1262 3806 mmmm

753 3823 875 3888 spreeben
891 3771 940 3873 unci
961 3839 975 3874 o
993 3792 1095 3892 phesse,
1116 3773 1260 3884 νοᾳνῗώιοιις

753 3892 783 3943 de
798 3907 835 3942 or.
848 3889 887 3956 lii,
908 3890 946 3954 12,
983 3891 997 3939 5
1021 3907 1072 3948 non
1088 3907 1192 3961 aspere,
1209 3907 1261 3944 nou
