2718 4484
536 211 638 264 umu.
667 189 812 266 cauca.
1149 216 1210 278 119

144 366 401 452 opibus,quamvis
412 357 555 428 timefacta
564 367 691 442 libertas,
702 375 858 448 emergunt
866 377 964 430 tamen
974 369 1046 430 baec
1056 369 1210 450 aliquando

144 463 196 518 aut
215 452 330 515 iudiciis
354 451 448 514 tacitis
469 459 518 513 aut
542 453 663 514 occultis
684 454 720 515 de
743 453 859 515 bonore
883 454 1038 533 suffragiis.
1074 455 1211 516 Acriores

144 547 245 603 autem
260 555 382 599 morsus
398 545 468 598 sunt
486 537 670 599 intermissae
689 538 829 600 libertatis
850 557 939 617 quam
953 546 1092 600 retentae.
1123 539 1212 613 Quod

144 624 235 704 igitur
249 622 392 684 latissime
406 629 486 701 patet
504 623 651 701 nequead
669 621 899 684 incolumitatem
920 623 1031 696 solum,
1051 623 1104 684 sed
1123 622 1212 684 etiam
1247 627 1249 635 ⁴

146 709 184 772 ad
201 727 274 788 opes
290 716 319 768 et
333 706 495 785 potentiam
510 707 583 768 valet
597 707 770 786 plurimum,
786 708 815 769 id
830 708 1053 788 amplectamur,
1067 716 1100 769 ut
1115 717 1211 769 metus

146 793 234 866 absit,
250 793 353 853 caritas
369 792 536 855 retineatur.
562 793 604 852 lta
619 793 752 854 facillime
767 811 840 872 quac
854 792 987 854 volemus
1003 801 1031 854 et
1044 793 1164 871 privatis
1180 793 1212 854 in

147 877 238 939 rebus
253 884 281 937 et
296 876 328 936 in
343 895 374 937 re
389 876 505 955 publica
521 894 746 956 consequemur.
772 878 887 939 Etenim
900 877 992 957 quise
1004 878 1095 938 metui
1106 879 1211 948 volem,

146 961 293 1041 aquibus
317 968 498 1034 metuentur‚
522 962 641 1022 eosdem
667 971 799 1024 metuant
823 962 881 1042 ipsi
899 981 1021 1025 necesse
1045 968 1099 1024 est.
1134 961 1211 1036 Quid
1232 973 1265 1024 25

147 1045 227 1108 enim
245 1049 399 1108 censemus
416 1047 598 1126 superiorem
613 1047 692 1109 illum
708 1047 888 1127 Dionysium,
904 1065 961 1126 quo
979 1047 1106 1108 cruciatu
1121 1047 1212 1107 timo-

147 1133 191 1196 ris
206 1131 273 1209 angi
288 1129 430 1192 solitum?
459 1131 508 1210 qui
530 1131 640 1194 cultros
659 1140 794 1194 metuens
815 1132 968 1200 tonsorios
990 1132 1133 1192 candente
1148 1149 1212 1191 ear-

147 1217 228 1280 bone
243 1214 298 1277 sibi
314 1216 455 1277 adurebat
475 1215 632 1296 capillum?
661 1217 729 1297 quid
744 1217 940 1278 Alexandrum
955 1215 1131 1289 Pheraeum,
1153 1234 1211 1295 quo

149 1301 249 1362 animo
266 1300 373 1360 vixisse
388 1298 586 1368 arbitramur?
609 1302 671 1381 qui,
687 1309 719 1364 ut
737 1302 880 1382 scriptum
895 1300 1033 1379 legimuS,
1055 1319 1121 1361 oum
1136 1318 1212 1360 uxo·

148 1405 213 1446 rem
230 1385 350 1446 Theben
366 1385 526 1446 admodum
542 1385 682 1464 diligeret,
702 1395 799 1448 tamen
820 1387 856 1447 ad
871 1404 936 1446 eam
950 1405 985 1446 ex
1001 1384 1094 1464 opidis
1114 1385 1144 1444 in
1160 1403 1212 1446 cu-

147 1470 279 1532 biculum
296 1469 416 1532 veniens
428 1469 584 1531 barbarum
597 1479 625 1530 et
636 1484 703 1532 eum
716 1472 844 1550 quidem,
860 1478 893 1530 nt
905 1470 1047 1550 scriptum
1060 1477 1112 1542 est,
1128 1487 1211 1530 com-

149 1563 294 1635 punctum
315 1554 394 1616 notis
416 1555 547 1634 Thraciis
570 1555 710 1617 destricto
731 1555 825 1634 gladio
847 1554 963 1618 iubebat
983 1554 1105 1628 anteire,
1125 1572 1213 1632 prae·

150 1640 341 1719 mittebatque
356 1640 391 1701 de
412 1639 606 1719 stipatoribus
623 1640 684 1701 suis
701 1641 750 1720 qui
765 1646 966 1700 scrutarentur
981 1639 1092 1699 mordas
1107 1638 1212 1698 mulie·

150 1725 219 1786 bres
240 1732 269 1785 et
287 1743 325 1784 ne
347 1725 426 1804 quod
445 1724 475 1784 in
495 1725 678 1786 vestimentis
696 1726 787 1786 telum
807 1724 999 1785 occultaretur
1018 1723 1211 1804 exquirerent.

152 1810 177 1874 0
198 1810 354 1882 miserum,
380 1809 429 1888 qui
449 1809 611 1870 fideliorem
630 1818 659 1870 et
676 1810 835 1870 barbarum
854 1816 882 1869 et
903 1807 1078 1887 stigmatiam
1098 1815 1214 1886 putaret

152 1912 242 1975 quam
258 1892 424 1973 coniugem!
455 1894 518 1955 Nec
533 1913 600 1955 eum
616 1894 722 1955 fefellit.
753 1894 796 1955 ub
812 1913 845 1954 ea
860 1901 905 1954 est
920 1893 996 1954 enim
1013 1893 1078 1973 ipsa
1092 1899 1214 1971 propter

151 1980 301 2059 pellicatus
328 1979 525 2057 suspicionem
549 1979 729 2040 interfectus
769 1978 830 2039 Nec
853 1996 921 2039 vero
947 1977 1003 2039 nlla
1028 1978 1071 2038 vis
1098 1975 1214 2056 imperii

153 2073 233 2125 tanta
248 2073 306 2136 est,
328 2082 400 2143 quae
416 2072 568 2143 premente
588 2071 668 2125 metu
683 2063 778 2143 possit
799 2081 866 2124 esse
881 2063 1026 2124 diuturna.
1058 2062 1152 2122 Testis
1168 2068 1213 2122 est
1234 2069 1266 2120 26

153 2149 300 2222 Phalaris,
320 2147 402 2209 cuius
418 2155 464 2208 est
477 2156 593 2228 praeter
608 2157 720 2210 ceteros
736 2147 887 2209 nobilitata
901 2147 1069 2221 crudelitas,
1088 2146 1215 2226 quinon

189 2300 303 2361 libatae,
315 2298 505 2348 Freibeitssinn.
523 2299 657 2351 Sobedcu-
712 2316 744 2349 zu
756 2301 811 2348 dem
820 2299 934 2362 Dienses,
946 2299 994 2348 ihm
1009 2299 1056 2348 den
1066 2299 1126 2348 bart
1137 2297 1216 2348 abuu-

154 2373 196 2416 tet
213 2366 302 2430 glorta
321 2364 486 2427 Rubmsuobt3
503 2365 550 2432 l§.
564 2366 605 2428 44,
626 2367 666 2428 ud¹
712 2382 814 2432 sengen,
827 2367 956 2416 benutzte.

156 2432 215 2484 fam.
229 2431 285 2493 Vll,
300 2431 330 2480 13
347 2434 456 2496 mortar,
477 2435 515 2498 πί,
536 2450 602 2500 quae
614 2439 659 2484 tua
745 2434 897 2485 Aleaandcr
908 2449 957 2484 von
969 2431 1073 2497 Pherae,
1088 2434 1159 2483 einer
1170 2434 1217 2482 dor

97 2525 104 2532 ’
152 2500 305 2568 gloriaest,
324 2503 387 2566 pato
401 2504 425 2549 te
437 2500 512 2551 malle
521 2517 538 2550 a
552 2501 659 2553 Caesare
711 2501 865 2565 Nacblolger
876 2503 920 2552 des
929 2499 947 2565 l,
957 2500 997 2564 30,
1009 2501 1056 2551 108
1070 2501 1216 2552 erw'dbntcn

154 2567 256 2621 consuli
263 2569 475 2634 pumannum,
710 2569 792 2634 lason,
804 2571 895 2621 dessen
907 2567 1018 2619 Tocbter
1032 2567 1117 2619 Thebe
1130 2583 1218 2620 erznr

189 2635 231 2686 24.
254 2635 356 2686 iudiciis
368 2638 466 2686 iacias:
485 2636 565 2688 indam
582 2638 658 2688 bocb-
711 2638 779 2689 Fruu
795 2640 874 2688 batte.
904 2637 950 2686 Die
968 2636 1100 2687 Tbebaner
1116 2637 1217 2688 lubnteu

152 2704 274 2769 gestellte
293 2702 399 2753 Minner
414 2703 465 2753 sicb
486 2719 541 2754 vom
560 2705 660 2756 Stante·
713 2721 793 2770 gegen
809 2706 850 2753 ibn
871 2704 996 2754 nrebrlacb
1008 2702 1115 2770 llrieg‘e,
1136 2703 1218 2754 wobei

153 2773 228 2824 leben
241 2771 426 2834 zuriiolraogen,
441 2773 502 2822 oder
514 2773 566 2822 sicb
580 2772 661 2822 selbot
714 2770 1007 2836 bekanntlichelopidas
1018 2771 1060 2821 fiel
1070 2771 1147 2835 (364).
1162 2771 1219 2822 Sei·

153 2841 223 2892 nicbt
242 2838 457 2904 verneti-atheon,
480 2855 521 2898 um
545 2840 585 2889 ibr
608 2839 659 2890 Ge-
713 2855 744 2890 ne
767 2838 896 2890 Gemablin
918 2840 1015 2889 tbdtete
1039 2839 1080 2889 ibn
1101 2839 1150 2888 357
1174 2840 1219 2890 mit

153 2907 266 2958 seblccbt
276 2906 425 2958 anesterben
438 2923 469 2956 zu
482 2907 575 2958 lusson.
714 2907 787 2958 lliille
800 2907 868 2957 ibrcr
879 2907 982 2974 Briider‚
995 2908 1069 2958 deren
1082 2908 1154 2957 einer
1165 2907 1219 2958 sich

186 2973 660 3040 occrdbbdebouorerqffrage‘is:8uet.
714 2977 778 3026 danu
790 2975 836 3026 der
847 2975 974 3042 Tyrannis
986 2975 1162 3041 bemiicbtigte.

155 3041 226 3092 Caes.
236 3041 268 3091 80
282 3041 346 3092 Post
357 3046 469 3093 reruotor
479 3041 624 3094 Caesetium
636 3047 663 3094 at
749 3048 928 3112 cornpunetum
936 3046 1005 3094 notis
1018 3043 1141 3107 Thraciis,
1151 3044 1219 3093 tiito·

153 3107 294 3162 Hoeullum
323 3111 441 3162 ramnes
470 3115 575 3178 reperta
600 3116 663 3162 sant
714 3113 781 3178 wirt,
799 3113 847 3160 wie
860 3111 913 3162 dies
927 3111 966 3160 die
979 3110 1067 3162 Weise
1080 3110 1219 3192 derTbra·

154 3178 662 3298 ttmtett'ttlttt‘tttf“fffflffl
715 3175 1221 3314 tltlttltlttbltttffallia

192 3311 232 3361 25.
252 3311 317 3374 Quid
325 3339 359 3350 -
369 3329 509 3378 concauus,
520 3331 582 3380 quo:
598 3313 662 3362 iiber
715 3307 846 3366 ἄστικτον
858 3307 971 3380 ἆγενές).
997 3313 1042 3365 nio
1051 3313 1158 3364 Rohbeit
1170 3312 1221 3362 und

158 3378 547 3447 dieseFormdcheberg‘unges,
555 3382 661 3431 diebiiu-
715 3381 931 3431 Schreoklicblreit
942 3382 986 3431 des
999 3379 1144 3444 Menscben‚
1156 3379 1220 3429 wel·

157 3446 192 3508 fig
203 3448 258 3496 eine
270 3447 422 3512 Steigerung
434 3449 539 3512 outbiilt,
553 3465 573 3500 s.
585 3447 661 3515 Seyf-
717 3450 787 3498 cbem
796 3447 950 3514 derTyrunu
958 3449 1029 3498 mebr
1037 3455 1113 3510 truut,
1123 3449 1161 3497 als
1172 3448 1221 3496 sei·

156 3514 208 3565 lert
220 3516 297 3565 sebol.
311 3516 355 3566 lut.
370 3532 393 3582 p.
408 3515 449 3566 46.
716 3531 762 3566 ner
775 3514 875 3578 Guttin,
897 3515 961 3564 wird
974 3516 1050 3566 dureb
1069 3515 1155 3565 diesen
1167 3513 1219 3564 Zu-

187 3582 329 3650 Dionysr‘ur
340 3584 386 3633 der
398 3583 503 3634 Aolterc
515 3583 663 3634 beberrscb·
716 3591 771 3634 satz
782 3582 955 3633 versiculicbt.
1187 3606 1190 3613 ·

154 3650 208 3702 tes
229 3651 307 3700 rulrus
318 3666 367 3700 von
380 3650 524 3702 lilii—367.
545 3651 662 3702 Dieselbe
750 3650 804 3703 Nea
815 3649 985 3716 commedit,
998 3666 1028 3700 er
1039 3650 1154 3700 liinscbte
1167 3651 1221 3700 siclt

155 3667 289 3769 Aueddote
298 3719 347 3768 wie
356 3719 413 3768 bier
421 3720 520 3769 erziiblt
529 3719 661 3770 dic'l'nsc.
717 3721 792 3784 nient.
819 3718 919 3785 fallere
939 3719 973 3770 ist
993 3718 1154 3784 impersouell
1175 3733 1221 3784 ge-

155 3785 187 3848 V,
200 3785 241 3850 20,
254 3785 296 3837 58.
317 3785 403 3838 Vuler.
413 3785 482 3838 Max.
494 3785 540 3851 lX,
556 3787 565 3836 l
590 3787 606 3836 3
618 3788 664 3838 mit
717 3787 829 3852 bruucbq
841 3787 888 3837 wie
902 3802 930 3836 so
942 3787 1036 3850 bbulis.
1248 3837 1262 3851 ,

156 3854 211 3904 doru
224 3851 342 3921 Zusotze,
359 3854 418 3904 dass
431 3868 459 3904 er
471 3855 541 3906 aeine
552 3825 664 3906 duabsu
752 3853 793 3906 26.
817 3855 946 3922 Phalaris,
967 3851 1070 3922 Tyrunn
1082 3869 1131 3906 von
1144 3855 1222 3920 Agri-
