2734 4478
155 241 197 301 54
382 245 390 255 ·
589 237 633 289 nu
650 236 790 289 orncus
883 281 888 288 .

156 393 337 456 Graecorum
365 390 521 472 proverbio
548 401 607 453 est:
638 389 807 452 doricorum
832 409 892 452 erae
922 394 1087 454 coramueic
1112 395 1225 454 omnia.

64 545 69 552 ‚
155 478 262 540 Omnia
277 487 375 538 autem
391 478 560 538 communia
574 478 732 538 hominum
747 476 881 538 ridentur
895 495 942 549 ea,
958 493 1032 556 quac
1047 485 1118 537 sunt
1132 495 1227 555 gene·

154 563 196 624 ris
210 562 282 636 eius,
297 563 377 643 quod
389 561 426 623 ab
436 563 533 624 Ennio
546 563 678 642 positum
693 563 725 622 in
736 579 794 623 una
807 580 840 622 re
850 562 1003 623 transferri
1013 559 1044 622 in
1058 563 1227 641 permultas

155 655 267 726 potest:
613 656 621 664 “

240 747 351 821 Herm,
367 754 419 830 qai
431 754 548 810 monti
561 751 680 810 comiter
695 751 840 810 mormtrdt
853 751 948 821 viam,

240 833 336 905 Quasi
349 835 447 895 lumea
463 836 498 895 de
513 854 566 896 auo
582 835 689 896 tenone
705 835 843 895 accendat
856 836 943 914 fecit:

239 919 340 981 Nihilo
354 924 452 981 minus
466 923 525 1000 ipsi
538 919 624 991 tricet,
646 939 713 981 nam
726 919 773 980 illi
787 919 958 1000 accenderit.

155 1021 220 1083 Una
236 1040 272 1082 ex
286 1041 318 1082 re
333 1021 405 1082 satis
421 1021 613 1101 praecipitur,
633 1031 678 1095 ut,
699 1021 840 1102 quidquid
860 1019 924 1081 sind
942 1021 1117 1082 detrimento
1139 1041 1227 1082 com-

101 1118 133 1168 52
154 1107 269 1167 modari
290 1107 399 1185 possit,
419 1107 448 1166 id
469 1107 614 1168 tribuatur
632 1106 676 1166 vel
696 1107 808 1184 ignoto.
842 1107 886 1166 Ex
906 1121 964 1185 quo
984 1113 1054 1166 sunt
1072 1107 1120 1166 illa
1139 1127 1227 1168 com-

153 1192 269 1264 munia,
290 1201 367 1252 ‘non
382 1192 540 1271 prohibere
560 1211 634 1271 aqua
650 1193 828 1270 profluente,
848 1191 909 1270 pati
925 1190 961 1251 ab
976 1190 1043 1268 igne
1058 1191 1159 1270 ignem
1176 1213 1227 1254 ca-

152 1295 238 1355 pere,
264 1277 289 1336 si
305 1277 355 1356 qui
370 1277 449 1349 uelit,
474 1276 632 1338 consilium
651 1276 736 1336 fidele
756 1276 926 1337 deliberanti
946 1275 1037 1349 dam’,
1062 1296 1137 1355 quae
1154 1285 1228 1340 sunt

152 1363 189 1423 iis
200 1361 290 1435 utilia,
306 1362 356 1441 qui
368 1362 523 1440 accipiunt,
539 1361 619 1423 danti
631 1379 692 1421 non
704 1362 837 1422 molesta.
865 1362 928 1435 Qua
940 1380 972 1420 re
983 1367 1011 1421 et
1022 1361 1068 1422 his
1080 1363 1241 1442 utendum¹

152 1455 198 1507 est
212 1454 241 1506 et
255 1465 375 1526 semper
390 1447 498 1526 aliquid
514 1447 551 1508 ad
568 1465 758 1508 communem
770 1446 922 1508 utilitatem
935 1447 1138 1508 adferendum.
1166 1449 1227 1510 Sed

153 1532 294 1610 quoniam
310 1533 412 1609 copiae
427 1551 533 1610 parvae
554 1531 737 1609 singulorum
754 1540 838 1604 sunt,
859 1550 963 1592 eorum
979 1539 1090 1606 autem,
1110 1533 1162 1612 qui
1176 1533 1226 1594 his

152 1621 264 1695 egeant
280 1615 392 1676 infinita
408 1625 453 1676 est
468 1616 635 1689 multitudo,
650 1616 776 1693 vulgaris
789 1616 944 1678 liberalitas
956 1618 1112 1678 reserenda
1127 1624 1172 1678 est
1187 1619 1225 1680 ad

151 1701 232 1763 illum
247 1701 334 1761 Ennii
350 1702 453 1762 linem:
475 1701 574 1762 Nihilo
590 1705 688 1762 miuus
701 1705 760 1780 ipsi
773 1701 862 1772 latret,
882 1709 915 1762 ut
929 1701 1050 1764 facultas
1066 1703 1105 1764 sit
1121 1703 1222 1784 quain

152 1793 275 1846 nostros
291 1786 385 1847 simus
402 1787 547 1848 liberales
1296 1858 1299 1864 ¹

95 1872 133 1936 17
238 1871 354 1932 Gradus
375 1880 472 1932 autem
491 1872 591 1949 plures
612 1879 681 1930 sunt
705 1869 854 1930 societatis
876 1870 1042 1932 hominum.
1077 1872 1117 1934 Ut
1141 1873 1224 1934 enim

99 1969 130 2018 53
153 1956 188 2017 ab
203 1956 250 2015 illa
266 1955 378 2016 infinita
395 1957 575 2028 discedatur,
595 1953 720 2034 propior
739 1962 785 2015 est
800 1955 934 2016 eiusdem
949 1956 1058 2038 gentis,
1080 1958 1222 2033 nationis

150 2041 278 2118 linguae,
299 2059 356 2118 qua
376 2040 502 2102 maxime
517 2040 654 2100 homines
675 2039 908 2118 coniungrmtur:
928 2041 1051 2102 interius
1071 2043 1157 2103 ctiam
1174 2051 1223 2104 est

152 2125 285 2186 eiusdem
301 2144 366 2184 csse
382 2125 514 2185 civitatis.
542 2125 630 2185 llulta
646 2124 723 2184 enim
740 2133 810 2185 sunt
825 2126 934 2187 civibus
949 2127 1025 2188 inter
1039 2147 1070 2188 se
1081 2146 1222 2188 commu-

151 2211 215 2272 nia:
237 2212 335 2272 lorum
351 2211 432 2284 lana,
449 2208 582 2289 porticus
597 2208 668 2282 viae,
683 2209 760 2288 leges
776 2211 849 2283 iura,
865 2210 971 2272 iudicia
987 2211 1124 2288 suffragia,
1140 2230 1218 2270 con-

153 2296 322 2358 suetudines
342 2303 492 2376 praeterea
512 2301 541 2354 et
560 2293 765 2356 familiaritates
786 2295 943 2374 multisque
963 2317 1031 2358 cum
1050 2294 1144 2356 multis
1163 2315 1214 2355 res

152 2463 249 2526 Regrill
258 2469 288 2513 ut
301 2465 434 2512 verstiirht
452 2465 523 2524 (ganz
537 2478 574 2524 so,
591 2465 658 2528 wic),
713 2462 796 2513 Verso
812 2464 857 2512 des
869 2463 982 2530 Diphilus
994 2464 1035 2528 Ill,
1049 2464 1089 2527 15,
1103 2463 1142 2513 55.
1167 2463 1219 2514 Das

152 2531 221 2580 nieht
236 2530 337 2595 lembus
355 2533 419 2598 ipsis
431 2529 581 2578 winderholt
592 2546 659 2578 wer·
714 2530 804 2580 zwcite
818 2547 832 2581 o
845 2532 870 2581 in
880 2533 955 2584 horrea
963 2533 998 2583 ist
1007 2532 1066 2594 lang
1075 2531 1220 2595 gebraucht,

151 2599 208 2660 «len,
221 2597 252 2646 do
264 2598 326 2647 chen
339 2597 439 2662 lega'hur
452 2600 477 2646 et
487 2597 545 2645 iure
554 2611 661 2646 vorans·
713 2598 762 2646 wic
779 2599 804 2647 in
821 2617 889 2650 unua
906 2601 981 2651 homo
992 2601 1066 2651 nobis
1077 2600 1221 2651 cunctando

151 2680 282 2728 gegangen
296 2665 336 2729 ist,
356 2665 404 2715 und
416 2679 471 2714 man
484 2662 523 2713 hei
535 2667 659 2715 conchle-
714 2670 772 2730 cet,
788 2668 945 2731 wennglaich
957 2684 985 2718 es
1001 2669 1041 2718 bei
1054 2668 1159 2718 Plautus
1173 2669 1221 2718 im-

152 2737 208 2784 tum
229 2733 292 2782 doch
314 2748 362 2782 nm·
382 2748 414 2782 an
435 2733 490 2782 eine
506 2731 660 2797 Anordnung
712 2734 841 2784 melleum
854 2736 896 2785 ist.

151 2801 229 2850 durch
242 2801 281 2849 dic
292 2799 402 2851 Gcsetze
415 2801 514 2850 denkcn
524 2800 598 2850 kann.
612 2801 659 2850 Am
749 2801 803 2854 Una
812 2819 846 2852 eac
855 2819 884 2854 rc
890 2805 1023 2871 praecipit,
1032 2819 1063 2853 aa
1073 2805 1155 2854 ciuem
1164 2803 1222 2854 Bei-

151 2867 333 2918 natiirlichsten
352 2868 449 2917 seheint
465 2883 493 2917 es
506 2869 529 2916 in
543 2885 556 2916 e
569 2871 658 2932 quibua
714 2870 793 2934 spielc
805 2871 917 2922 schreibt
928 2887 958 2920 er
969 2887 1024 2921 vor.
1046 2889 1081 2922 ece
1093 2873 1169 2936 steht,
1181 2871 1221 2923 in-

150 2938 217 3003 ipac'a
237 2951 285 2985 nur
301 2937 348 2985 dcn
362 2935 457 2986 Zosatz
475 2951 507 2983 zu
520 2936 596 2984 schcn
608 2952 657 2985 von
713 2937 798 2987 solcrn
815 2953 860 2988 ans
878 2940 933 2988 dem
950 2940 1081 2989 einzelnen
1097 2939 1220 3007 Bcispiclc

150 3004 260 3068 demand,
274 3004 363 3054 daran
376 3004 431 3053 dem
444 3003 592 3069 Asyndeton
604 3003 658 3053 An·
713 3006 752 3055 dic
762 3006 910 3069 allgemcine
919 3006 1064 3058 Vorschrilt
1073 3023 1106 3056 zu
1115 3010 1219 3058 cutneh-

151 3079 219 3120 stoss
236 3074 322 3132 nohm;
341 3089 362 3122 s.
376 3071 400 3136 ξ.
415 3070 445 3120 21
464 3088 478 3120 a
495 3087 543 3136 quo
561 3073 586 3121 ai
601 3073 657 3137 quis

150 3141 201 3188 albi
211 3139 269 3206 plus
281 3143 393 3208 appetet.
406 3167 439 3174 -
452 3139 504 3189 Der
514 3137 658 3203 Gcgensotz

149 3209 177 3258 in.
188 3209 323 3275 prouerbio
337 3212 377 3258 ert
387 3205 486 3257 foedent
499 3207 544 3256 auf
551 3212 591 3258 ecl
599 3223 659 3258 coa-

149 3277 271 3326 ctitutum
281 3282 345 3326 statt
353 3279 388 3325 sil
397 3291 465 3326 coos.
476 3291 509 3324 zu
518 3275 657 3326 scbrcihen.

177 3339 333 3394 Graecorum
337 3343 601 3411 proverbiumrhrlst
608 3345 657 3396 eth.

149 3410 204 3460 Nic.
214 3409 279 3474 vul,
289 3411 316 3460 ll
329 3411 375 3461 καὶ
387 3407 403 3476 ἡ
417 3405 657 3482 παροιμίαικοινά

150 3473 183 3528 τὰ
196 3473 293 3546 φίλωιῖ
309 3473 411 3548 ὀρθῶς.

184 3547 272 3608 Homo,
285 3551 328 3612 qut
335 3564 372 3599 cr.
386 3547 424 3598 Zu
433 3549 553 3599 walchem
563 3548 657 3600 Stiiclre

150 3616 194 3665 des
216 3615 311 3664 Ennius
334 3616 387 3665 dics
403 3616 541 3680 Fragment
562 3618 656 3680 gehdrt,

150 3683 215 3733 liisst
224 3683 276 3734 sich
286 3684 353 3735 nicht
363 3685 532 3735 entscheiden.
545 3683 657 3735 Ribbeck

149 3758 214 3814 trag.
224 3750 280 3802 Lot.
291 3769 314 3817 p.
325 3752 357 3802 56
370 3753 420 3803 und
430 3753 492 3803 nach
501 3753 550 3802 ihm
560 3751 657 3804 Vahlen

149 3819 223 3870 Ennii
234 3817 265 3868 lr.
276 3835 298 3885 p.
308 3820 356 3871 140
367 3821 657 3872 reclmenesohnerech-

148 3893 192 3940 ten
209 3886 296 3938 Gruud
310 3903 367 3939 zum
384 3887 524 3954 'lelaphum
549 3888 600 3952 vgl.
617 3888 657 3939 die

712 3081 1221 3194 111θέἳῗειιῑὶΙιίιιιιιιιιιὶιιιιιιεἰιιιιιίιιι·Βιιιιιι-

713 3225 779 3272 znng
791 3210 837 3260 dcr
848 3211 1015 3274 allgemeineu
1028 3210 1109 3262 Giiter
1121 3228 1154 3262 zu
1166 3221 1223 3262 ent-

712 3277 871 3328 halteuwiire
882 3279 1026 3344 Hochmuth,
1037 3296 1070 3329 zu
1080 3279 1221 3331 ihrorVer-

712 3346 834 3424 mehrnng
843 3347 924 3397 nicbts
937 3347 1066 3411 beitragcn
1077 3347 1222 3412 Ungerech-

716 3413 862 3546 tlgarlieelttgturis
873 3482 1020 3550 bleramus,
1032 3485 1049 3533 i.
1060 3500 1081 3534 c.
1092 3499 1156 3549 quoe
1170 3503 1222 3536 om·

714 3545 786 3599 nibus
798 3551 964 3614 gratificatur.

748 3608 799 3669 17.
813 3617 853 3668 53.
864 3636 931 3684 gena
943 3623 1048 3673 ernado
1059 3623 1146 3672 stchcn
1156 3638 1221 3685 ganz

713 3687 1222 3810 110111εξέῒἭξξέῗιῑὲωὲιῑὸἐὲι

712 3822 901 3940 allzameinere,
919 3794 991 3876 natio
1008 3819 1052 3875 der
1066 3775 1159 3888 engere
1171 3827 1221 3876 Be-

712 3904 751 3952 grr
771 3929 778 3942 .
837 3949 840 3962 λ
