2774 4482
183 251 231 353 ⁴68
622 290 665 340 nn
685 289 822 340 oeneus

190 443 316 522 aliquam
330 449 464 514 tuentur,
485 441 610 521 reliquas
627 443 784 505 deserant!
815 445 852 504 Ut
868 441 946 504 enim
961 444 1063 517 tutela,
1084 444 1128 506 sio
1142 463 1254 525 procu·

189 528 263 589 ratio
279 527 468 607 reipublicae
489 528 526 589 ad
547 546 651 588 eorum
666 528 831 601 utilitatem,
853 528 903 607 qui
919 528 1072 590 commissi
1086 541 1171 603 sunt,
1192 549 1254 591 non

190 614 227 673 ad
242 631 358 686 eorum,
379 612 485 690 quibus
506 613 665 674 commissa
685 623 739 684 est,
760 614 887 691 gerenda
906 621 960 674 est.
990 613 1048 686 Qui
1064 621 1162 675 autem
1177 616 1256 695 parti

79 721 91 738 =
190 698 295 758 civium
317 698 487 772 consulunt,
511 705 626 777 partem
645 699 815 776 neglegunt,
835 715 899 759 rem
919 698 1202 777 perniciosissimam
1222 701 1255 761 in

190 781 335 843 civitatem
350 782 505 856 inducunt,
526 783 700 844 seditionem
716 791 802 862 atque
822 782 1013 844 discordiam:
1035 803 1071 843 er
1085 803 1144 862 quo
1159 785 1255 846 evenit

189 874 223 927 ut
237 866 284 927 alii
299 867 471 946 populares,
492 867 538 928 alii
554 868 679 930 studiosi
701 868 805 948 optimi
824 868 966 946 cuiusque
983 868 1147 944 videantur,
1166 869 1254 948 pauci

137 960 169 1012 86
190 951 405 1012 universorum.
432 951 509 1014 Hinc
524 953 601 1032 apud
616 954 809 1014 Athenienses
824 971 947 1032 magnae
961 953 1133 1026 discordiae,
1148 954 1179 1014 in
1194 973 1252 1014 no-

190 1045 296 1097 strare
315 1037 431 1116 publica
449 1055 511 1098 non
531 1039 628 1099 solum
649 1037 822 1111 seditiones,
845 1037 1003 1099 sedetiam
1023 1038 1160 1117 pestifera
1177 1038 1252 1108 helia
1276 1091 1281 1096 .

135 1164 141 1177 .
190 1121 296 1182 oiviha:
317 1140 391 1200 quae
407 1123 501 1200 gravis
517 1131 547 1184 et
561 1124 647 1185 sortis
669 1123 737 1184 civis
752 1122 826 1184 etin
841 1123 1002 1202 republica
1018 1122 1124 1200 dignus
1140 1123 1252 1202 priuci-

189 1214 261 1286 patu
281 1206 370 1284 fugiet
389 1215 475 1285 atque
496 1207 590 1268 oderit
604 1209 757 1287 tradetque
774 1227 805 1269 se
825 1215 922 1268 totum
940 1207 983 1268 rei
1002 1207 1138 1286 publicae
1158 1227 1253 1289 neque
1324 1217 1330 1228 '

191 1309 262 1369 opes
278 1299 327 1351 aut
341 1291 505 1369 potentiam
521 1293 738 1354 consectabitur
757 1300 907 1373 totamque
922 1311 985 1353 eam
1002 1292 1044 1353 sio
1058 1292 1200 1367 tuebitur,
1219 1301 1252 1354 ut

191 1374 328 1436 omnibus
350 1376 490 1436 consulat.
521 1377 580 1438 Nec
595 1397 662 1438 vero
685 1377 856 1439 criminibus
873 1377 953 1437 salsis
972 1377 1003 1437 in
1018 1377 1118 1438 odium
1139 1385 1190 1438 aut
1203 1378 1251 1438 in-

189 1459 296 1519 vidiam
312 1477 489 1540 quemquam
503 1462 629 1536 vocabit,
650 1463 831 1540 omninoque
850 1463 889 1523 ite
910 1461 1034 1522 iustitiae
1049 1463 1252 1543 honestatique

190 1544 390 1618 adhaerescet,
415 1553 461 1618 ut,
487 1546 612 1608 dumea
638 1555 802 1620 conservet,
828 1547 960 1626 quamvis
980 1547 1104 1624 graviter
1124 1549 1251 1609 offendat

190 1624 374 1707 mohtemque
388 1636 508 1708 oppetat
521 1631 621 1709 potius
637 1650 724 1714 quem
740 1631 931 1705 deseratus,
946 1650 1019 1710 quae
1034 1631 1101 1692 dixi.
1127 1672 1129 1675 -

136 1723 168 1774 87
275 1711 437 1774 Miserrima
453 1715 575 1775 omnino
595 1723 640 1776 est
660 1716 781 1777 ambitio
801 1716 1008 1795 honorumque
1029 1717 1250 1787 contentique

191 1817 247 1876 qua
261 1799 411 1877 praeclare
426 1799 503 1879 apud
518 1803 654 1862 eumdem
675 1809 719 1862 est
733 1801 898 1875 Platonem,
919 1800 1066 1873 ‚similiter
1081 1804 1174 1862 secere
1187 1821 1250 1875 ece,

191 1881 240 1961 qui
252 1882 328 1944 inter
340 1903 372 1944 se
387 1885 600 1946 contenderent
608 1893 673 1946 uter
684 1886 857 1964 potiusrem
868 1885 1016 1963 publicem
1026 1885 1252 1961 administraret,

189 1976 222 2028 ut
234 1968 259 2027 si
271 1977 374 2030 nautae
385 1977 529 2030 certarent
541 1971 606 2048 quis
619 1989 723 2032 eorum
734 1970 925 2048 potissimum
936 1970 1128 2048 gubernaret!
1152 1971 1250 2033 Idem-

190 2071 246 2130 que
260 2053 418 2132 preeoipit,
433 2062 466 2114 ut
481 2073 542 2126 ,eos
559 2055 741 2116 adversarios
757 2054 972 2130 existimemus,
988 2055 1038 2135 qui
1052 2074 1133 2116 arma
1149 2063 1251 2118 contra

190 2138 293 2210 ferant,
309 2155 370 2198 non
385 2157 446 2210 eos,
463 2139 513 2218 qui
529 2158 584 2200 suo
601 2139 707 2201 iudicio
720 2140 794 2201 tueri
806 2159 869 2200 rem
880 2139 1026 2217 publicam
1037 2139 1143 2213 velint,‘
1159 2141 1249 2220 qualis

144 2297 146 2302 Δ
190 2222 243 2282 suit
258 2223 334 2283 inter
348 2223 379 2282 P.
396 2223 565 2295 Africanum
581 2225 660 2298 etQ.
676 2225 822 2285 Metellum
839 2224 901 2285 sine
921 2225 1075 2286 acerbitate
1092 2225 1248 2287 dissensio.

190 2372 268 2424 ἔσται
278 2370 469 2444 διαφερόντως
477 2370 621 2446 εὔδαιμον,
633 2371 689 2425 ἀλλ’
745 2371 889 2441 pr'aesentia
903 2374 1001 2439 folgen3
1015 2391 1035 2426 s.
1049 2393 1071 2426 z.
1083 2375 1124 2441 ΙΙΙ,
1137 2375 1161 2441 3,
1175 2375 1215 2427 13.

191 2435 235 2491 ὅτι
245 2436 367 2510 μάλιστα
381 2436 429 2506 ὅλη
443 2439 459 2506 ἡ
473 2439 561 2500 πόλις,
778 2442 898 2509 Idemque
904 2446 1036 2512 praecipit.
1048 2444 1112 2494 Eine
1122 2460 1186 2508 ganz
1196 2452 1251 2496 ent-

225 2511 316 2586 optimi
331 2512 463 2575 cuiusque,
482 2513 506 2560 d.
520 2512 536 2560 i.
549 2512 596 2561 der
607 2511 691 2560 Partei
745 2509 999 2592 spreohepdedtelie
1022 2512 1087 2562 l'dsst
1108 2513 1161 2561 sich
1182 2513 1251 2563 nicht

100 2705 104 2712 Ι
190 2575 405 2710 ἀθέἓρῗλλῖῗὲᾇ
423 2647 554 2710 graviter,
568 2627 602 2695 'u
615 2645 631 2694 r.
649 2645 691 2694 vu
744 2578 1250 2712 ΙλλῗΙΙῂΙΙὲθΙαΒΙῗΙΙῗΙΙΙΙΙΙΙάΙιΙΙΙ,

136 2743 140 2747 -
189 2711 345 2776 gravissime.
745 2713 912 2764 wer-surdas
929 2713 1097 2762 schlimmsten
1110 2713 1192 2764 Feiud
1205 2717 1251 2766 des

225 2780 266 2830 87.
284 2795 301 2828 α
317 2779 354 2830 ud
364 2780 481 2830 eumdem
493 2785 544 2832 est:
557 2780 623 2830 Piat.
637 2795 690 2862 rep.
746 2780 847 2832 Stnotes
860 2795 892 2830 zu
904 2781 987 2830 hatten
1001 2779 1045 2828 sei.

190 2795 334 2914 ΙΙΙρΑΒὲΒ
351 2844 415 2904 τοὺς
425 2845 455 2899 δὲ
464 2844 566 2905 ναύτας
575 2859 692 2898 στασια-

192 2916 288 2973 ζαντας
309 2910 382 2985 πρὸς
403 2910 536 2980 ἀλλήλους
556 2916 622 2996 περὶ
646 2917 693 2981 τῆς

191 2979 389 3051 κυβερνήσεως,
419 2979 537 3035 ἕκαστον
561 2985 693 3052 οΙομενρν

191 3049 252 3102 δεῖν
263 3052 397 3118 κυβερνᾶν
407 3045 477 3120 μήτε
487 3045 620 3121 μαθόντα
633 3045 693 3102 πώ-

191 3135 261 3169 ποτε
290 3113 340 3182 τὴν
369 3119 468 3200 τέχνην
494 3115 565 3189 μήτε
594 3117 694 3186 ἔχοντα

191 3181 340 3244 ἀποδεῖξαι
350 3184 522 3239 διδασκαλον
530 3195 578 3239 etc.
591 3203 614 3269 ρ.
622 3185 692 3237 4890

72 3242 77 3248 ’
110 3265 113 3268 “
190 3249 259 3306 ἀλλὰ
272 3249 336 3311 τοὺς
347 3256 397 3307 νῦν
414 3251 576 3312 πολιτικοὺς
590 3249 691 3326 αρχον-

190 3338 241 3401 τας
250 3317 408 3381 ἀπεικάζων
426 3315 468 3379 οἷς
484 3317 548 3394 ἄρτι
559 3323 692 3393 ἐλέγομεν

189 3406 303 3446 ναυταις
316 3385 367 3458 οὐχ
379 3386 542 3461 ἁμαρτήσει.

223 3457 409 3524 contenderent,
423 3460 468 3508 der
481 3459 612 3524 conjunct.
624 3460 690 3526 imp,

190 3526 227 3575 als
244 3526 318 3590 ginge'
336 3527 403 3576 nieht
419 3532 470 3590 esi,
493 3529 601 3578 sonderu
622 3528 693 3578 dixit

190 3594 292 3654 vorher.
305 3595 335 3643 de
345 3601 395 3644 nat.
407 3595 476 3644 deor.
486 3593 504 3659 1,
517 3596 557 3658 15,
571 3596 602 3648 4⁰
614 3595 694 3646 idem-

191 3679 238 3727 que
262 3661 379 3728 disputat
401 3664 506 3713 aethera
529 3680 586 3713 esse
608 3663 692 3727 deum,

191 3745 264 3794 quern
285 3731 400 3780 tornines
421 3730 505 3780 Iovem
527 3730 692 3796 spoliarent.

191 3796 446 3861 vgl.Cat.m.21,78,
459 3813 499 3846 wo
509 3813 541 3846 no
581 3802 617 3848 sic
629 3799 693 3849 mihi

188 3867 318 3931 persuasi,
331 3868 370 3914 sie
381 3869 462 3915 sentio
473 3872 560 3915 zuerst
572 3881 692 3932 praesen-

190 3932 240 3996 tia„
253 3931 317 3982 duno
335 3932 493 3998 imperfecta,
515 3934 580 3983 donn
596 3935 693 3986 wieder

779 2849 809 2898 P.
827 2851 979 2914 Afriemeus.
1002 2845 1086 2896 Weon
1103 2846 1155 2896 Cic.
1174 2847 1249 2896 hcine

747 2917 840 2967 niihere
854 2917 1021 2978 Bestimmuug
1036 2914 1146 2978 heiidgt,
1169 2915 1250 2964 meint

747 3001 776 3034 er
798 2991 863 3034 stets
879 2985 1025 3050 Africanus
1041 2986 1138 3046 minor,
1160 2997 1251 3032 ausser

747 3067 787 3102 wo
805 3053 851 3102 der
863 3050 1080 3116 Zusarnmeuhaug
1096 3067 1158 3116 ganz
1176 3051 1251 3113 dept-

747 3121 796 3170 iich
810 3121 889 3183 zeigt,
902 3121 961 3169 dass
974 3121 1020 3169 der
1031 3119 1136 3170 Aeltere
1149 3135 1181 3168 zu
1193 3133 1252 3169 ver·
1337 3131 1342 3148 ⁸

748 3189 835 3238 stehen
849 3188 895 3248 ist3
910 3203 930 3238 s.
943 3187 971 3255 ΙΙ,
985 3186 1025 3251 23,
1039 3187 1080 3238 80.

783 3256 811 3317 Q.
831 3254 953 3306 Caecilius
970 3254 1088 3306 Metellus
1105 3255 1251 3306 Macedoni-

747 3340 793 3374 cus
806 3322 899 3373 Consul
912 3322 959 3372 611
977 3323 1066 3387 (143),
1079 3323 1149 3374 Lael.
1163 3322 1205 3384 21,
1219 3323 1251 3372 78

744 3395 852 3459 propter
868 3390 1054 3441 dissensionem
1070 3407 1134 3456 quae
1153 3395 1211 3442 erat
1224 3394 1252 3441 in

745 3459 874 3526 ropnbiica
883 3458 1011 3510 adorante
1021 3459 1169 3525 est(Scipio)
1177 3475 1194 3508 a
1202 3459 1251 3510 col-

744 3526 803 3594 lega
814 3531 904 3577 nostro
917 3525 1026 3577 Metello.
1038 3555 1073 3564 —-
1084 3526 1140 3578 Von
1157 3529 1252 3578 semem

747 3595 879 3645 Edelmuth
899 3601 976 3658 zeugi
993 3595 1033 3644 die
1049 3594 1195 3658 Erziihiung
1212 3594 1252 3644 hei
1282 3623 1284 3628 ·
1379 3595 1380 3634 i

747 3663 833 3714 Voler.
841 3663 909 3713 Mox.
916 3662 958 3728 IV,
966 3663 988 3726 1,
998 3677 1039 3711 wo
1050 3678 1080 3712 er
1089 3663 1157 3712 seine
1168 3663 1251 3712 Sdhue

746 3731 884 3781 auffordert
901 3731 941 3780 die
953 3731 1033 3781 Bahre
1048 3729 1144 3794 Scipios
1162 3738 1252 3794 tragen

748 3815 779 3848 zu
793 3798 883 3861 helien,
896 3799 935 3850 uls
948 3799 993 3848 des
1006 3801 1123 3862 grdssten
1137 3798 1251 3860 biennes,

747 3868 801 3916 dem
815 3868 852 3917 sie
864 3868 952 3918 diesen
964 3867 1055 3917 Dienst
1066 3866 1157 3916 leisten
1170 3866 1252 3916 khun-

747 3943 798 3988 ten.
