2734 4478
508 273 568 325 LlB.
581 272 600 325 l.
628 272 697 325 CAP.
712 273 751 324 17.
766 271 805 324 18.
1143 275 1184 335 57

117 427 168 501 sit,
195 425 399 506 propinquum
425 426 526 506 potius
547 435 576 488 et
599 427 729 488 'amicum
749 445 837 506 quam
862 425 989 488 vicinum
1011 425 1184 490 defenderis

116 513 195 576 llaec
210 511 300 591 igitur
315 519 344 572 et
357 511 423 572 talia
438 511 701 592 circumspicienda
717 519 787 573 sunt
800 511 833 600 iu
852 512 1047 604 meofficiO
1066 521 1095 574 et
1110 531 1184 574 con·
1199 591 1201 596 ,

118 598 245 658 suetudo
258 595 483 675 exercitatioque
495 598 645 676 capienda,
661 597 773 658 utboni
785 586 1006 658 ratidcinatores
1019 597 1183 658 officiorum

118 701 184 744 esse
194 682 349 762 possimus
365 691 394 742 ct
404 682 538 744 addendo
552 681 780 762 deducendoque
790 682 888 743 videre
900 701 972 762 quae
983 682 1087 762 reliqui
1099 701 1181 743 sum-

116 787 165 829 ma
180 768 239 830 fiat.
264 767 312 828 *llx
328 775 386 846 quo
402 775 543 845 quantum
559 766 663 848 cuique
675 767 813 828 debeatur
827 767 985 846 intellegas.
1011 768 1069 828 Sed
1082 778 1114 828 ut
1125 785 1181 828 nec
1201 781 1235 831 tto
1278 789 1286 798 ’

116 851 224 914 medici
244 870 300 912 nec
319 851 513 929 imperatores
533 871 588 913 nec
606 861 754 923 oratores,
780 852 912 930 quamvis
936 853 1006 914 artis
1026 860 1182 931 praecepta

115 938 316 1016 perceperint,
340 935 495 1016 quicquam
514 955 619 1016 magna
638 937 723 999 laude
739 937 859 1016 dignum
876 937 940 999 sine
954 955 1013 998 usu
1028 945 1057 998 ct
1070 937 1181 998 exerci-

47 1072 52 1082 .
115 1023 227 1084 tatione
242 1021 384 1100 consequi
399 1030 541 1100 possunt,
563 1021 605 1082 sio
625 1021 713 1083 officii
734 1022 1099 1103 conservandi-praecepta
1119 1028 1181 1083 tra·

46 1123 50 1138 ·
115 1107 226 1168 duntur
240 1107 288 1168 illa
303 1105 431 1186 quidem,
446 1115 479 1168 ut
489 1107 612 1168 facimus
623 1107 690 1186 ipsi,
705 1107 757 1169 sed
769 1107 811 1168 rei
822 1107 992 1185 magnitudo
1005 1125 1092 1168 usum
1104 1125 1181 1187 quo·

115 1211 173 1272 que
188 1191 481 1270 exercitationemque
497 1192 652 1253 desiderat.
682 1193 776 1272 Atque
791 1191 827 1253 ab
847 1192 882 1252 iis
901 1191 1004 1266 rebus,
1024 1200 1182 1271 quaesunt

113 1277 144 1338 in
159 1278 225 1338 iure
240 1277 387 1338 societatis
402 1277 562 1351 humanae,
583 1295 670 1356 quem
685 1276 720 1337 ad
736 1276 859 1338 modum
874 1278 997 1384 clamatur
1010 1278 1179 1350 honestum,

114 1381 150 1423 ex
165 1363 232 1441 quo'
242 1369 343 1440 aptum
358 1369 404 1422 est
419 1361 558 1436 officium,
575 1362 645 1422 satis
661 1363 720 1423 lere
736 1361 871 1423 diximus.

201 1447 426 1525 Intellegendum
441 1455 537 1508 autem
554 1457 612 1520 est,
634 1465 701 1508 cum
721 1446 874 1526 proposita
893 1447 952 1507 sint
971 1465 1077 1525 genera
1092 1455 1177 1526 quat·
1199 1461 1229 1512 61

114 1540 201 1603 tuor,
221 1531 358 1610 equibus
373 1533 513 1593 honestas
536 1531 722 1610 officiumque
743 1539 889 1605 manaret,
911 1531 1180 1610 splendidissimum

114 1616 210 1677 videri
226 1616 307 1694 quod
327 1617 442 1678 anim-o
463 1635 591 1695 magno
615 1617 780 1695 elatoque
799 1617 1001 1697 humanasque
1015 1635 1063 1677 res
1079 1616 1179 1697 despi-

114 1701 208 1762 ciente
227 1702 334 1762 factum
350 1701 396 1762 sit.
427 1701 527 1781 ltaque
546 1701 576 1762 in
591 1700 710 1780 probris
725 1701 852 1762 maxime
866 1701 898 1762 in
912 1709 1054 1780 promptu
1074 1709 1132 1775 est,
1153 1702 1179 1762 si

113 1786 182 1865 quid
197 1787 254 1846 talc
269 1785 324 1848 dici
339 1794 452 1865 potest:

203 1882 257 1948 Vds
277 1891 369 1958 caim,
389 1892 520 1959 taceaco,
542 1892 673 1949 dcimam
693 1891 792 1966 peritis
810 1887 996 1958 muliebrem,
1020 1887 1075 1948 atta
1094 1891 1177 1966 virpd

637 2009 638 2012 =
975 1991 1034 2034 ocra

113 2065 143 2118 et
158 2057 185 2118 si
200 2057 269 2137 quid
284 2057 346 2118 eius
362 2057 459 2118 modi:

196 2159 366 2222 Sulmdcido
380 2159 475 2240 spolie
489 2163 550 2220 stac
566 2161 671 2221 sudore
687 2171 714 2221 ct
727 2163 876 2238 adaptatae,

110 2263 276 2340 Contraque
290 2261 321 2322 in
335 2261 479 2334 laudibus,
496 2280 569 2340 quae
584 2279 689 2340 magno
706 2261 803 2322 animo
821 2261 936 2322 fortiter
947 2262 1176 2342 excellenterque

109 2353 191 2424 gesta
213 2355 296 2420 suut,
320 2365 352 2406 ea
372 2347 472 2407 nescio
494 2365 551 2425 quc
574 2347 664 2408 modo
685 2346 768 2426 quasi
787 2346 919 2424 pleniore
940 2365 992 2406 ore
1010 2346 1173 2408 laudamus

108 2432 186 2491 Hinc
201 2427 355 2489 rhetorum
371 2449 490 2509 campus
505 2431 541 2492 de
555 2431 738 2506 Marathone,
754 2430 912 2503 Salamine,
928 2431 1066 2504 PlataeiS,
1082 2431 1175 2494 Ther-

107 2513 250 2594 mopylis
266 2512 411 2587 Leuctris,
425 2515 495 2576 hinc
509 2524 610 2578 noster
625 2515 738 2590 (iodea,
754 2516 823 2576 hinc
837 2515 930 2589 Decii,
946 2515 1015 2577 hinc
1031 2515 1082 2577 Cn.
1099 2524 1127 2577 ct
1141 2519 1174 2579 P.

108 2599 276 2680 Scipiones,
291 2597 361 2658 hinc
374 2599 410 2660 M.
423 2599 583 2676 Marcellus,
599 2599 825 2663 innumerabiles
841 2600 897 2674 alii,
913 2601 1096 2680 maximeque
1111 2601 1175 2682 ipse

141 2773 169 2819 ct
184 2767 343 2819 conrucwdo
356 2771 554 2835 concitatioque
574 2785 629 2820 ca··
704 2770 733 2822 V
733 2787 761 2820 os
773 2772 841 2819 enirn
852 2773 899 2818 cot.
915 2767 1056 2818 Lachmann
1066 2787 1089 2820 z.
1099 2769 1173 2820 Lacr.
1246 2795 1252 2800 ·

104 2835 297 2904 pa'aurladeutet
306 2832 350 2886 das
360 2836 502 2888 imVoraus
511 2853 552 2902 an,
561 2852 615 2888 was
669 2837 712 2902 lV,
724 2835 1175 2888 211batdcnVersalstrochbiscben
1307 2839 1315 2846 '

106 2905 139 2954 im
152 2902 217 2969 §.60
225 2904 273 2954 aed
280 2907 311 2954 ut
323 2908 369 2954 cet.
382 2903 530 2968 ausgci‘rihrt
542 2905 614 2956 wird.
670 2905 796 2956 Sextenar
805 2904 920 2967 erkannt,
933 2904 958 2954 in
971 2905 1026 2955 dein
1038 2904 1083 2956 atta
1092 2907 1116 2955 in
1130 2906 1175 2956 der

106 2969 160 3022 Sed
172 2971 320 3022 bezeichnet
336 2972 392 3023 also
410 2973 469 3023 dort
478 2973 555 3024 'nicht
566 2974 614 3023 den
669 2981 755 3026 ersten
765 2971 851 3040 Syrte,
863 2973 912 3023 wie
925 2989 953 3024 so
963 2973 1048 3037 bbulig
1057 2973 1096 3024 boi
1106 2973 1175 3025 alten

106 3039 257 3103 Uebcrgaug
277 3055 309 3090 zu
329 3047 408 3090 etwas
426 3055 490 3104 ganz
509 3039 613 3104 Nauem,
667 3041 851 3105 limmotilern,
885 3041 949 3091 kurz
972 3041 1110 3104 gebraneht
1133 3042 1175 3092 ist.

106 3108 217 3158 sondern
230 3114 299 3158 sctzt
316 3123 364 3158 our
381 3108 421 3158 die
441 3109 533 3159 zwcite
545 3107 612 3160 Vor-
667 3109 779 3173 Dichter,
801 3109 880 3160 Stiick
901 3110 951 3159 und
970 3109 1113 3172 Rezicbung
1129 3109 1183 3174 des

106 3174 198 3226 schriib
223 3176 279 3226 dom
303 3193 337 3227 arc
357 3192 405 3242 quo
426 3203 461 3214 -
479 3177 614 3242 intellegas
667 3177 764 3230 Verres
776 3177 832 3227 sind
843 3177 996 3228 unbekannt.

107 3247 241 3304 anagogen.
701 3243 853 3296 Salmoctdo„
882 3245 1003 3295 Salmacis
1028 3243 1095 3294 hicss
1118 3245 1173 3294 eine
1251 3281 1257 3291 .

144 3312 351 3362 cccmcitationem
375 3327 466 3380 capara
488 3313 536 3362 wie
559 3315 614 3362 ani-
668 3311 890 3376 Quellellaricns,
912 3313 990 3362 deren
1008 3312 1117 3364 Wasser
1134 3313 1173 3362 die

6 3419 7 3424 ,
103 3380 555 3448 ,φηαφηωιῑεπίοονάίαυιοαμθνεᾋ
667 3378 803 3430 Meascben
818 3378 1173 3442 verweicbliebte;.0v.rnet.

142 3444 184 3496 60.
204 3461 268 3511 quac
279 3451 378 3500 amatio
389 3449 447 3499 turc
459 3463 510 3498 roc.
528 3448 561 3512 b,
573 3447 613 3498 dic
668 3446 710 3510 lv,
732 3445 782 3496 288
803 3447 829 3496 ff.
867 3446 1020 3498 Salmacides
1043 3447 1078 3497 ist
1096 3447 1175 3498 daher

6 3511 7 3524 ²
104 3513 612 3566 Rechtsverh'eiltoissedermcnsclrlichen
669 3512 850 3580 Schimpinamc
870 3513 912 3564 fiir
930 3516 1002 3564 einen
1019 3514 1173 3579 Weicbliag.

6 3585 7 3588 ’
105 3580 284 3633 Gesellscbalt.
666 3583 736 3635 Nacb
754 3581 825 3632 cht.
838 3596 862 3646 p.
876 3581 924 3630 202
941 3582 977 3632 ist
992 3582 1185 3652 dchersans·

140 3649 192 3702 61.·
207 3654 412 3716 marato'inagna
439 3650 534 3701 Zocrst
548 3650 613 3700 wird
667 3651 771 3701 Ennius.
1224 3695 1225 3700 ,

104 3733 156 3770 von
167 3720 224 3769 dem
232 3719 334 3780 wahren
346 3717 379 3786 (ἦ.
389 3717 430 3784 ,61)
440 3719 491 3768 und
500 3718 613 3769 lalsclrcn
703 3718 747 3770 Cn.
758 3723 785 3769 at
792 3718 823 3768 P.
832 3715 969 3786 Scipiones,
980 3719 1026 3768 der
1035 3717 1115 3770 Vater
1124 3719 1173 3768 und

102 3785 226 3850 (bl—db)
248 3786 373 3838 llccbsinn
392 3787 425 3836 im
440 3787 613 3850 Allgemeincn
668 3787 757 3838 Obeiro
778 3787 823 3837 des
844 3787 941 3836 tilteren
963 3785 1110 3850 Africanus,
1133 3786 1173 3836 die

103 3855 271 3920 gespracben.
283 3853 615 3917 DieweitercEintheiluag
667 3854 741 3906 boida
762 3854 787 3904 in
808 3854 916 3920 Spauien
936 3869 1016 3917 gagen
1033 3853 1174 3906 Hasdrubal
1227 3910 1228 3915 η

103 3938 124 3974 s.
138 3938 162 3974 z.
175 3921 202 3989 ἦ.
214 3921 256 3974 66.
669 3922 744 3973 ficlen
754 3922 787 3972 im
797 3921 875 3972 tall
887 3919 972 3988 (212).
990 3921 1025 3974 Μ.
1037 3922 1174 3975 Marcellos
