2774 4482
194 259 234 319 74
622 254 665 304 on
685 253 822 306 orrrens

192 409 276 489 poris
295 416 362 489 apta
382 407 597 488 compositione
617 407 820 469 membrorum
842 415 940 468 moret
959 408 1061 470 oeulos
1086 416 1115 470 et
1134 407 1259 470 delectat

192 495 251 556 hoc
262 493 339 574 ipso,
347 493 426 572 quod
437 493 514 554 inter
525 512 558 554 se
570 510 673 554 omnes
685 499 785 572 partes
797 510 864 553 cum
874 491 1002 571 quodam
1013 494 1115 574 lepore
1128 511 1257 556 eonsen-

193 579 278 651 ciunt,
294 579 338 640 sic
348 579 408 640 hcc
418 578 567 651 decorum,
583 577 662 657 quod
673 578 768 638 elucet
778 577 808 638 in
819 578 884 650 vita,
899 586 998 638 movet
1011 577 1258 662 approbationem

195 681 311 736 eorum,
333 663 508 742 quibuscum
526 662 642 736 vivitur,
664 662 768 724 ordine
783 670 812 722 et
832 662 997 724 constantia
1012 671 1040 724 et
1054 664 1259 726 moderatione

140 760 173 811 99
195 749 341 811 dictorum
357 749 490 810 omnium
502 755 587 826 atque
599 748 752 808 laetorum.
773 746 944 809 Adhibenda
956 755 1001 808 est
1015 747 1103 828 igitur
1114 750 1257 828 quaedam

194 833 355 896 reverentia
374 831 514 894 adversus
534 831 671 893 homines
687 841 717 892 et
731 831 836 912 optimi
856 830 997 912 cuiusque
1016 841 1046 894 et
1065 833 1257 914 reliquorum.

194 919 270 982 Nam
284 918 436 998 neglegere
451 917 522 998 quid
537 918 573 978 dc
588 936 620 977 se
634 917 758 996 quisque
779 916 884 978 sentiat
898 932 960 978 non
980 917 1077 980 solum
1092 919 1258 997 arrogantis

194 1012 250 1078 est,
267 1003 319 1066 sed
335 1003 420 1065 etiam
437 1003 565 1064 omuino*
576 1002 721 1064 dissoluti.
751 1002 805 1064 Est
820 1009 916 1063 autem
932 1001 1012 1081 quod
1027 1003 1141 1065 differat
1155 1003 1185 1064 in
1199 1005 1259 1064 ho-

196 1089 310 1152 minum
325 1089 438 1150 ratione
453 1088 586 1149 habenda
601 1087 675 1148 inter
690 1087 829 1148 iustitiam
845 1095 874 1147 et
888 1087 1101 1150 verecundiam.
1130 1087 1260 1150 Iustitiae

196 1184 293 1254 partes
310 1183 380 1235 sunt
393 1193 455 1235 non
469 1173 577 1234 violare
592 1172 743 1245 homines,
765 1171 953 1234 verecundiae
967 1190 1029 1233 non
1046 1172 1205 1234 offendere:
1220 1173 1260 1234 ¹in

197 1278 255 1338 quo
276 1259 402 1320 maxime
421 1259 465 1319 vis
485 1257 663 1338 perspicitur
686 1257 794 1318 decori.
829 1257 881 1317 His
906 1256 994 1334 igitur
1013 1257 1154 1336 expositis
1175 1258 1260 1338 quale

198 1343 236 1403 sit
250 1343 288 1416 id,
305 1344 386 1420 quod
401 1343 503 1403 decere
519 1342 652 1414 dicimus,
669 1341 844 1403 intellectum
861 1348 948 1420 puto·

129 1439 177 1491 100
284 1426 420 1487 Officium
439 1435 551 1500 autem,
572 1427 652 1506 quod
672 1425 709 1487 ab
730 1427 910 1499 ceduntur,
929 1427 1006 1488 liano
1024 1427 1153 1506 primurn
1172 1426 1260 1487 habet

197 1511 283 1585 dam,
299 1529 371 1589 quae
386 1511 503 1572 deducit
513 1511 550 1572 ad
562 1511 795 1572 convenientiam
808 1511 1117 1592 conservationemque
1128 1519 1257 1572 naturae.

198 1596 293 1667 Quam
311 1596 335 1656 si
351 1614 507 1675 sequemur
523 1597 636 1669 ducem,
652 1614 812 1675 numquam
829 1595 1027 1658 aberrabimus
1044 1614 1260 1676 sequemurque

198 1689 226 1741 et
241 1681 284 1754 id,
305 1681 385 1760 quod
399 1688 516 1742 acutum
533 1688 562 1741 et
576 1681 729 1762 perspicax
744 1689 847 1742 natura
867 1688 927 1754 est,
950 1689 979 1741 ot
993 1681 1034 1754 id,
1056 1681 1135 1760 quod
1151 1681 1187 1741 ad
1201 1681 1261 1739 ho-

197 1765 310 1826 minum
326 1765 574 1828 consociationem
594 1766 863 1838 accommodatum,
890 1772 918 1825 et
937 1765 979 1840 id,
1005 1767 1085 1846 quod
1104 1766 1260 1826 vehemens

197 1857 284 1928 atque
304 1852 398 1911 sorte·
420 1851 477 1911 Sed
493 1850 620 1934 maxima
639 1849 683 1910 vis
699 1851 798 1911 decori
819 1850 849 1910 in
863 1850 918 1910 hac
936 1849 1014 1911 inest
1032 1859 1127 1930 parte,
1148 1851 1183 1910 de
1204 1869 1261 1929 qua

198 1933 392 2015 disputamus.
422 1934 524 2013 Neque
544 1934 620 1995 enim
643 1934 741 1995 solum
756 1935 905 2014 corporis,
926 1936 975 2012 qui
995 1935 1030 1996 ad
1046 1945 1181 1996 naturam
1200 1935 1261 2014 apti

198 2026 276 2092 sunt,
293 2020 345 2079 sed
361 2019 453 2080 multo
470 2019 556 2078 etiam
572 2019 666 2097 magis
682 2018 772 2079 animi
786 2027 887 2080 motus
902 2019 1056 2097 probandi,
1073 2020 1123 2099 qui
1137 2019 1207 2079 item
1222 2019 1260 2079 ad

130 2111 333 2208 lofflturam
349 2103 562 2165 accommodati
577 2110 656 2164 sunt.
687 2103 797 2180 Duplex
812 2111 857 2164 est
876 2103 954 2164 enim
974 2104 1017 2165 vis
1033 2105 1201 2166 animorum
1216 2111 1260 2164 at-

198 2207 255 2266 que
266 2196 399 2250 naturae:
412 2205 550 2265 unapars
562 2187 592 2247 in
602 2186 732 2268 appetitu
743 2187 839 2266 posita
852 2195 984 2266 estquae
996 2197 1039 2250 est
1052 2183 1136 2274 ὁρμή
1143 2189 1260 2260 Graece,

197 2291 271 2352 quae
285 2273 435 2334 hominem
455 2273 514 2333 huc
532 2280 562 2332 et
579 2271 646 2333 illuc
665 2271 754 2350 rapit,
777 2273 865 2333 altera
885 2273 914 2333 in
934 2273 1060 2349 ratione,
1082 2293 1155 2356 quae
1176 2273 1261 2334 docet

231 2415 317 2461 mocut
329 2410 421 2475 cordos,
433 2409 504 2460 lenlt
513 2411 553 2460 die
564 2412 652 2473 Augen
662 2408 708 2460 aul
759 2402 1263 2479 ὁρμὰςεύσταθεῐςκαὶθεωρεῐναύτάς

199 2478 259 2527 sich.
759 2477 986 2546 προηγουμένως,
1007 2473 1076 2526 κατὰ
1095 2475 1126 2528 dt
1137 2473 1187 2528 τὸν
1200 2470 1262 2527 deri·

234 2543 274 2595 99.
293 2547 437 2595 reuerentes
452 2543 576 2594 advenae
589 2546 704 2602 dominer
758 2559 840 2611 τερον
848 2539 934 2610 λόγον
943 2539 976 2594 τὰ
983 2538 1039 2594 ὑπὸ
1049 2541 1098 2601 τὰς
1107 2539 1192 2600 ἄλλοις
1201 2538 1264 2610 ἀρε·

200 2618 226 2663 ct
246 2614 342 2682 optimi.
370 2612 422 2661 Der
438 2610 559 2662 chlrsel
580 2612 706 2662 zwischen
758 2606 807 2667 τὰς
819 2608 896 2662 ἕνεκα
907 2612 956 2661 τοῦ
969 2605 1153 2668 ἀδιαπτώτως
1164 2611 1265 2667 ἐντοῖς

199 2677 705 2748 priipositionellerVerbindungnnddem
759 2674 861 2761 opponis
887 2673 1123 2760 ἀναστρέφεσθαι.
1163 2673 1265 2734 Πάσας

200 2754 283 2812 genet.
305 2747 396 2796 obieci.
417 2747 457 2796 bei
478 2746 622 2797 demselben
640 2747 705 2798 Sub·
758 2764 812 2816 γαρ
822 2741 871 2803 τὰς
883 2740 1022 2818 ἀρετὰςτα
1036 2747 1138 2796 πασῶν
1149 2747 1265 2810 plenam

201 2817 336 2866 stantivum
357 2815 391 2865 ist
411 2815 451 2865 bei
468 2814 518 2864 Cic.
538 2815 650 2866 seltener
667 2815 705 2864 als
758 2816 804 2866 καὶ
816 2812 849 2864 τὰ
862 2809 1070 2882 ὑποτεταγμένα
1081 2807 1216 2876 ἀλλήλοις.

200 2884 241 2932 hei
254 2884 356 2949 spiitern
371 2882 583 2948 Schriltstellern,
601 2884 633 2933 ad
648 2882 704 2932 lam.
792 2887 818 2933 ta
830 2884 878 2933 lac
889 2884 957 2937 niort
964 2886 1045 2950 porte,
1063 2882 1108 2930 der
1119 2882 1265 2930 constantio

200 2949 244 3016 Xl,
261 2952 288 3000 ll
308 2954 334 3000 et
350 2949 425 3000 οἰάοο
443 2952 474 3000 ab
487 2950 669 3016 Allobrogibus
682 2954 708 3000 et
759 2951 809 3000 und
819 2953 994 3018 temperantia,
1003 2943 1146 3018 ἐγκράτεια
1153 2945 1265 3012 (μξθδ),

202 3022 281 3070 totius
295 3017 389 3070 Galliac
400 3018 499 3082 legatos
511 3021 626 3084 especto.
759 3033 805 3069 aus
823 3019 869 3067 der
887 3017 1032 3068 2Plliehten
1046 3016 1220 3082 compr-ingen,
1241 3015 1264 3075 1)

235 3087 297 3152 quid
306 3087 337 3138 de
346 3089 497 3152 requieque:
509 3085 707 3136 seistlrierniclrt
761 3087 819 3136 dass
825 3086 864 3135 dle
871 3083 963 3134 Triebe
973 3102 1022 3135 von
1034 3081 1212 3136 deerrnunlt
1221 3083 1265 3131 be-

201 3155 246 3204 mit
264 3158 369 3221 quicque
383 3170 414 3203 zu
426 3151 575 3218 verbioden,
597 3154 706 3204 sonderu
761 3154 876 3204 lrerrselrt
891 3153 1007 3216 werden,
1026 3152 1050 3218 ξ.
1067 3150 1222 3212 101-1114,
1240 3149 1265 3212 2)

202 3221 248 3272 aul
255 3225 405 3288 arrogantie
418 3237 449 3271 zu
463 3221 591 3271 beziehen.
762 3222 820 3270 dass
836 3220 884 3268 wir
901 3220 940 3270 die
958 3221 1087 3284 Stellnng‚
1105 3219 1202 3270 welche
1219 3233 1266 3271 uus

238 3290 293 3340 1011.
302 3295 431 3358 pmtnmn:
441 3290 496 3340 dein
507 3290 647 3356 entspriclrt
656 3287 709 3340 Sed
762 3288 836 3338 theils
849 3288 889 3336 dic
903 3287 997 3351 Natur,
1011 3289 1086 3337 tlrells
1100 3288 1174 3350 signe
1191 3285 1267 3356 wan

203 3361 322 3426 quoniam
333 3375 354 3407 c.
366 3358 411 3418 35;
426 3373 447 3407 s.
460 3373 482 3408 z.
494 3355 520 3423 ξ.
531 3357 571 3407 93.
761 3356 812 3406 und
824 3354 909 3405 Zusull
920 3355 1046 3420 aulerlegt
1058 3357 1113 3418 lint,
1133 3351 1265 3416 ausfrillen,

196 3436 199 3445 ’
237 3427 314 3477 habet
337 3429 416 3490 ctam,
440 3426 483 3476 lint
505 3426 545 3476 die
573 3425 706 3489 Richtung.
761 3421 940 3488 §.rot-125.
1164 3433 1166 3440 ’

203 3495 249 3544 Die
262 3494 393 3560 Metnplrer
405 3495 439 3544 ist
450 3493 475 3542 in
488 3493 603 3556 deducit,
621 3509 709 3558 roque-
798 3489 854 3540 101.
873 3493 1019 3542 animorum
1031 3490 1270 3558 atquencturaeist

203 3577 271 3625 mur,
281 3564 457 3614 adorabimus
469 3579 494 3611 u.
508 3577 528 3612 s.
539 3577 570 3611 w.
581 3560 709 3614 beibcliel-
762 3559 800 3608 als
822 3554 853 3608 ἓν
873 3553 921 3608 διὰ
943 3555 1025 3609 δυοῖν
1045 3557 1207 3608 aulzulassen
1229 3555 1270 3606 liir

204 3638 261 3692 ten3
281 3647 317 3680 or.
331 3630 372 3693 32,
388 3630 436 3682 114
447 3645 511 3698 quac
523 3645 566 3680 res
577 3627 709 3680 dabctdu-
763 3634 868 3676 naturae
881 3626 1027 3690 animorum,
1040 3623 1064 3691 ᾖ.
1073 3627 1104 3676 14
1113 3641 1159 3676 aee
1168 3639 1228 3676 cero
1237 3623 1269 3672 11-

203 3699 295 3766 plicem
306 3698 413 3749 docendi
422 3702 498 3748 taam.
762 3694 875 3761 luparea
883 3697 921 3744 cia
929 3699 1040 3745 nonnae
1049 3697 1213 3760 romanisque.
1224 3705 1270 3756 pro

156 3773 159 3782 '
238 3757 424 3834 sequemurque
436 3770 463 3816 at
472 3765 501 3815 id
508 3769 569 3814 cet:
579 3763 649 3813 Stob.
660 3763 707 3813 ecl.
763 3761 863 3827 Quinct.
876 3762 917 3824 30,
931 3762 961 3812 91
980 3763 1033 3812 niet
1042 3765 1073 3812 ut
1083 3767 1184 3812 vestm
1195 3763 1272 3810 aaut·

204 3826 709 3900 ο11.ρ.11’1τῆςδὲσωφροσὺνηςῖδιον
762 3845 808 3881 rac
820 3833 975 3896 bonitatique
988 3832 1168 3894 obsequamini.
1276 3865 1279 3869 -

204 3897 358 3972 κεφάλαιόν
367 3900 426 3952 ἔστι
436 3896 467 3951 τὸ
478 3893 710 3969 παρέχεσθαιτάς
797 3898 887 3960 altera,
900 3895 1132 3962 vondenStoikern,
1145 3895 1272 3947 melioria
