2718 4484
480 169 558 264 'un
572 211 601 262 u.
630 211 699 264 cto.
715 213 754 266 14.
769 216 807 268 15.
1127 223 1186 284 135

114 370 212 432 drum
232 368 324 430 filium
344 367 498 450 Philippus
519 376 650 454 accusat,
675 369 754 449 quod
778 369 932 451 largitione
956 372 1186 440 benevolentiam

114 456 318 518 Macedonum
330 463 528 517 consectetur:
544 455 634 529 ‚Quae
645 462 683 530 te,
698 454 831 518 maluml‘
848 457 1042 538 inquit'‚rotio
1057 461 1088 521 in
1100 462 1186 524 istam

116 561 210 622 spem
226 539 352 613 induxit,
368 548 401 602 ut
415 559 467 602 eos
484 541 536 602 tibi
550 540 649 601 fideles
664 549 781 620 putares
797 542 871 616 lore,
889 562 963 622 quos
978 547 1102 623 pecunia
1118 565 1186 608 cor-

113 623 280 706 rupisses?
309 626 354 688 du
369 634 403 688 tu
416 627 446 686 id
462 627 533 705 agis,
548 632 581 687 ut
594 625 766 688 Macedones
782 645 844 688 non
858 635 887 689 te
903 647 1000 708 regem
1016 649 1118 704 suum,
1134 632 1185 694 sed

113 712 295 774 ministrum
311 718 339 772 et
353 711 549 792 praebitorem
568 708 702 790 putent‘t‘
731 713 809 773 Bene
829 711 1012 787 ‚ministrum
1027 724 1056 776 et
1069 716 1185 794 praebi-

113 802 240 868 torem,‘
256 796 323 876 quia
335 796 487 858 sordidum
500 795 568 874 regi,
583 795 687 857 mebus
703 797 798 868 otiam,
816 799 895 879 quod
911 799 1103 878 ,largitionem
1118 821 1185 864 cor-

112 881 276 962 ruptelam‘
292 881 365 943 dixit
380 901 455 942 esse.
481 882 528 942 Fit
542 879 620 942 enim
637 882 763 945 deterior
779 884 828 963 qui
844 885 948 965 accipit
963 893 1049 966 atque
1061 887 1097 947 ad
1108 887 1185 949 idem

113 986 242 1047 semper
262 968 475 1046 expectandum
495 966 632 1046 paratior.
670 967 735 1030 Hoc
760 969 806 1030 ille
831 970 904 1045 tilio,
921 971 976 1049 sed
995 980 1183 1053 praeceptum
1205 986 1238 1036 54

111 1061 262 1134 putemus
284 1052 431 1114 omnibus.
467 1053 563 1126 Quam
586 1051 627 1119 ,ob
647 1072 708 1114 rem
724 1052 757 1114 ‘id
781 1055 897 1134 quidem
917 1073 980 1117 non
1000 1055 1186 1118 dubium-est

112 1139 195 1219 quin
210 1136 446 1218 illabeniguitas,
464 1157 536 1218 quae
552 1144 667 1200 constet
682 1159 716 1200 ex
732 1158 823 1218 opera
839 1148 867 1200 et
881 1140 1032 1215 industria,
1048 1151 1076 1202 et
1090 1144 1184 1206 hone·
1277 1146 1283 1152 “

111 1225 198 1288 stior
213 1224 250 1286 sit
265 1231 294 1286 et
307 1224 392 1286 latius
414 1231 515 1305 pateat
526 1231 554 1284 et
567 1225 664 1305 possit
684 1223 826 1304 prodesse
846 1225 991 1305 pluribus:
1012 1245 1074 1288 non
1094 1247 1184 1290 num-

111 1330 212 1392 quam
228 1316 327 1372 tamen
342 1319 388 1371 est
407 1309 590 1388 largiendum
606 1327 661 1370 nec
675 1309 733 1370 hoc
752 1309 936 1390 benignitatis
954 1332 1045 1391 genus
1061 1314 1183 1376 omnino

109 1395 337 1477 repudiandum
353 1404 381 1457 et
396 1415 483 1474 saepe
502 1395 805 1457 idoneis‘hominibus
826 1396 1024 1476 indigentibus
1044 1400 1155 1460 derel
1170 1435 1184 1445 -

109 1481 229 1544 miliari
243 1480 478 1562 impertiendum,
493 1481 545 1542 sed
560 1479 712 1558 diligenter
726 1488 811 1561 atquc
822 1483 979 1545 moderate.
1010 1485 1089 1546 llulti
1106 1485 1184 1546 enim

108 1566 301 1648 patrimonia
315 1567 479 1628 effuderunt
494 1565 659 1628 inconsulte
670 1565 828 1644 largiendo.
855 1568 930 1640 Quid
946 1577 1042 1630 autem
1054 1577 1099 1632 est
1110 1571 1184 1632 stul-

109 1654 187 1714 tius·
197 1672 284 1732 quarn
301 1652 380 1732 qnod
395 1651 517 1714 libenter
536 1650 624 1713 facias
645 1663 746 1712 curare
770 1660 804 1713 ut
827 1652 856 1712 id
882 1654 989 1716 diutius
1010 1656 1103 1718 lacere
1122 1675 1184 1720 non

108 1735 246 1818 possis?
269 1737 363 1816 Atque
379 1737 466 1799 etiam
483 1742 646 1818 sequuntur
661 1737 845 1815 largitionem
862 1739 989 1819 rapinae.
1021 1740 1094 1802 Cum
1106 1741 1184 1802 enim

109 1825 219 1885 dando
241 1841 326 1902 cgere
346 1831 518 1903 coeperunt,
545 1821 645 1884 alienis
665 1821 752 1882 bonis
771 1841 877 1884 manus
898 1825 1010 1887 adferre
1029 1836 1183 1906 coguntur.
1257 1846 1264 1853 ·

108 1912 178 1983 lta,
201 1927 268 1970 cum
286 1908 501 1970 benevolentiae
522 1908 736 1987 comparandae
750 1927 844 1970 causa
863 1909 984 1972 benefici
1004 1931 1068 1974 esse
1088 1913 1184 1986 velint,
1205 1979 1211 1988 ‚

106 2013 183 2057 non
204 2001 282 2055 tanta
302 1993 397 2055 studia
420 2001 617 2074 assequuntur
637 2013 752 2070 eorum,
773 1994 879 2074 quibus
901 1996 1058 2074 dederuut,
1079 2006 1184 2078 quanta

110 2081 188 2142 odia
204 2097 318 2151 eorum,
334 2077 439 2158 quibus
454 2079 632 2141 ademerunt.
660 2079 755 2151 Quam
772 2080 886 2154 obrem
902 2100 957 2142 uec
972 2083 1011 2145 ita
1028 2084 1185 2146 claudenda
1206 2095 1238 2146 55

109 2185 167 2227 res
184 2170 231 2228 est
246 2164 408 2236 familiaris
430 2171 463 2225 ut
477 2184 540 2225 eam
556 2163 718 2243 benignitas
740 2165 852 2244 aperire
867 2168 930 2229 uon
948 2169 1061 2246 possit,
1078 2187 1132 2230 uer
1147 2169 1197 2230 ita·
1249 2186 1281 2232 ”,

110 2251 289 2322 reseranda,
305 2258 337 2310 ut
351 2257 447 2328 pateat
462 2249 608 2311 omnibus.
636 2249 741 2311 Modus
755 2250 935 2327 adhibeatur,
951 2253 1033 2333 isque
1043 2255 1186 2316 reseratur

113 2337 158 2396 ad
179 2335 339 2395 facultates.
374 2333 501 2394 Omnino
521 2335 690 2396 meminisse
711 2335 850 2398 debemus
871 2337 917 2410 id,
941 2338 1020 2418 quod
1042 2341 1184 2400 anostris

112 2417 295 2481 bominibus
307 2415 476 2497 saepissime
487 2429 658 2499 usurpatum
669 2421 729 2482 iam
741 2421 771 2481 in
783 2422 929 2501 proverbii
943 2425 1184 2488 consuetudinem

92 2579 201 2642 ‘seara
218 2550 626 2654 Woultbttigkait<voratigliener
680 2591 863 2644 aeneorum
883 2593 959 2644 oeno
976 2596 1063 2662 fruge
1081 2611 1112 2646 aa
1129 2595 1186 2648 aare.
1274 2619 1276 2624 -
1342 2584 1357 2628 s

111 2660 165 2723 ist,
184 2657 581 2728 detectorenimfitpuiuccapit.
676 2677 750 2726 gens,
769 2663 1126 2727 quisnaconaerocrecollot.
1154 2665 1185 2714 ad
1258 2715 1261 2719 ,

151 2727 279 2796 epistula:
291 2727 354 2778 iiber
362 2726 431 2776 diese
442 2726 522 2776 Briele
536 2743 555 2788 s.
567 2744 589 2777 z.
600 2728 625 2794 §.
678 2729 786 2780 Herenu.
799 2728 841 2793 lV,
852 2729 892 2791 25,
903 2729 935 2778 53
947 2746 998 2781 non
1011 2736 1052 2782 est
1065 2735 1118 2782 ieta
1129 2731 1186 2783 dili·

110 2796 158 2848 48.
375 2825 377 2830 -
675 2799 766 2862 gentio
782 2797 829 2848 aed
844 2800 964 2862 asama,
982 2799 1038 2850 ideo
1059 2799 1127 2866 quod
1147 2805 1187 2850 eat

149 2867 267 2928 accusat,
282 2863 305 2916 d.
319 2863 335 2913 i.
350 2865 523 2932 reprehendit,
540 2864 625 2914 obiur-
679 2865 811 2932 diligentia
822 2871 943 2917 araurem
954 2871 1113 2920 conserando
1124 2885 1185 2920 rurr-

69 2951 76 2967 =
111 2941 175 2998 gat3
192 2931 233 2999 lll,
246 2931 285 2995 23,
298 2931 339 2982 91.
379 2944 382 2986 ζ
409 2982 411 2986 ,
439 2961 463 2984 -.
491 2983 493 2987 ,
680 2951 752 2998 rum,
778 2937 888 2986 cumdio
909 2939 1040 2989 incuriosa
1059 2939 1183 3006 appetitio

149 3000 250 3052 nuatum
266 3000 301 3050 ist
312 2998 488 3064 lntcrjcctionr
513 3003 538 3052 in
550 3000 625 3053 Verr.
679 3004 828 3054 alienorum.
853 3002 911 3067 Vgl.
925 3005 956 3054 de
969 3003 1009 3055 oll'.
1023 3003 1042 3054 ll
1059 3003 1083 3070 ὅ.
1097 3005 1128 3056 87
1141 3022 1184 3057 raa

112 3068 159 3119 llb.
175 3067 192 3131 1,
203 3068 245 3133 20,
258 3068 508 3134 terraemotum!
524 3075 564 3121 est
574 3072 626 3120 istc
671 3072 819 3138 familiaris
842 3075 989 3124 coarmari
1008 3072 1139 3138 affligentia
1159 3077 1191 3124 at.

114 3142 191 3188 lanta
202 3137 311 3192 oudone
322 3141 398 3218 atque
408 3140 528 3210 aaronita.
676 3143 844 3210 parsimonia.

113 3207 625 3338 mll“l¹'²{‘llt}‘t“ilti‚⁹tl¹ialtili?
679 3208 1184 3342 aulldlbllalil'ilbucdffllfla'lff

114 3347 184 3407 rant,
200 3342 246 3391 der
262 3342 300 3391 die
314 3343 338 3392 iu
352 3343 397 3393 der
408 3343 517 3394 Proviuz
530 3345 626 3394 raison·
678 3344 800 3413 Antonius
821 3346 871 3394 und
887 3345 965 3396 ardre
979 3345 1067 3418 ¹'seiuer
1080 3345 1182 3410 Zeitge·

115 3411 166 3459 den
191 3411 330 3462 rb'miscbeu
354 3412 473 3463 Beamten
501 3412 546 3462 mit
566 3412 625 3462 dem
679 3427 779 3462 nossen.
958 3466 960 3470 ,
1058 3423 1078 3470 '·.

112 3475 242 3544 Nb‘tbigen
254 3487 382 3543 versorgt.
712 3496 763 3530 noa
775 3484 847 3530 tcnta
857 3479 945 3534 εἰκαῖα
953 3487 1126 3548 assequuntur
1134 3487 1182 3534 cet.

150 3546 193 3598 54.
212 3547 263 3598 late
271 3553 358 3616 patet:
371 3564 391 3599 s.
404 3565 428 3598 z.
439 3547 459 3612 l,
475 3548 498 3610 2,
511 3547 536 3598 4.
677 3548 799 3601 Derselbe
818 3546 936 3602 Godanke
954 3548 1140 3606 ansl’ribrlicber
1158 3552 1180 3616 ξ,

148 3616 255 3679 idoneis,
269 3617 293 3666 d.
307 3617 322 3666 i.
337 3617 426 3681 dignis,
438 3615 463 3682 ᾖ
478 3615 519 3667 62.
678 3618 718 3669 79.

147 3684 286 3752 diligenter
297 3685 416 3736 bedeutet
427 3686 505 3751 niebt,
522 3685 571 3735 wie
583 3685 623 3736 die
712 3687 753 3736 55.
766 3685 1085 3740 claudenda—rarenter.
1098 3687 1179 3754 Das§.

113 3747 209 3804 Lexiea
222 3754 350 3818 erklliren,
363 3769 420 3806 rum
432 3752 541 3817 delectu,
558 3753 623 3804 deun
677 3753 708 3804 52
721 3755 937 3821 ansgesprocbene
946 3757 999 3806 llild
1012 3756 1058 3806 dar
1069 3771 1130 3808 arca
1139 3757 1182 3811 hrt

115 3819 159 3870 das
177 3821 241 3886 liegt
258 3837 305 3886 gar
320 3821 388 3872 nicht
405 3821 429 3871 iu
447 3824 502 3872 dem
520 3821 629 3886 Worteg
676 3822 717 3872 bei
746 3823 812 3873 allen
842 3823 927 3874 diesen
957 3823 1058 3876 Verben
1087 3841 1180 3890 vorge·

115 3890 224 3940 sondern
237 3888 380 3957 ‚sparsam‘3
398 3891 422 3940 in
435 3890 509 3942 Verr.
523 3889 565 3956 lV,
583 3889 622 3954 18,
677 3891 796 3942 scbwebt.
