2718 4484
460 307 572 362 nrum.
585 373 588 387 μ
601 308 671 360 err.
684 309 725 360 ιι.
738 310 779 360 25.
1086 312 1146 374 205
1195 295 1198 302 ’

89 466 279 530 Promissum
300 465 478 546 potiusnon
502 464 670 526 faciendum
693 482 782 544 quam
805 471 866 525 tam
888 473 1011 526 taetmm
1036 465 1147 526 lacinus

16 581 17 584 ¹
89 551 303 614 admittendum
318 551 380 613 luit.
406 551 485 630 Ergo
497 559 526 612 et
535 549 685 628 promissa
699 566 763 610 non
776 549 905 611 facienda
915 567 976 612 non
986 569 1148 631 numquam

16 633 36 668 Ψ
88 655 187 716 neque
202 655 319 715 semper
331 635 466 716 deposita
485 634 640 697 reddenda.
671 634 702 696 Si
716 634 845 714 gladium
860 634 925 714 quis
942 637 1019 714 apud
1034 646 1063 697 te
1078 653 1147 697 sana

16 753 18 760 v
88 731 191 784 mente
205 722 386 801 deposuerit,
405 729 516 801 repetat
529 720 692 792 insaniens,
706 719 826 782 reddere
840 729 991 799 peecatum
1006 722 1058 794 sit,
1080 723 1147 782 olli-

89 809 170 870 oium
186 825 248 870 uon
262 807 391 869 reddere.
407 842 449 852 -
478 803 575 879 Quid?
598 805 624 866 si
638 806 673 880 is,
689 805 738 886 qui
752 806 830 884 apud
843 814 872 866 te
886 807 1040 887 pecuniam
1055 807 1147 886 depo-

16 957 17 960 ,
89 893 193 967 suerit,
208 892 314 954 bellum
329 891 434 960 inierat
447 891 565 972 patriae,
580 891 723 953 reddasne
738 888 928 970 depositum?
953 892 1030 965 Non,
1046 892 1147 952 eredo:

88 978 178 1041 facies
195 977 387 1052 enimeoutra
402 976 631 1056 rempublicam,
647 994 720 1055 quae
735 976 819 1038 debet
832 995 898 1038 esse
914 977 1072 1051 carissime.
1100 977 1149 1037 Sie

89 1064 195 1139 multa,
211 1081 284 1143 quae
298 1063 424 1125 honesta
438 1070 540 1124 natura
554 1061 688 1123 videntur
702 1080 781 1133 esse,
802 1061 984 1142 temporibus
999 1062 1073 1122 fiunt
1086 1079 1149 1122 non

89 1151 224 1211 honesta.
259 1149 366 1210 Facere
389 1147 551 1228 promissa,
578 1155 654 1209 stare
679 1147 844 1220 conventis,
868 1146 989 1208 reddere
1002 1146 1149 1226 deposita

91 1242 272 1297 commutata
287 1233 407 1296 utilitate
421 1235 494 1295 liunt
513 1251 575 1294 non
589 1233 721 1294 honesta.
751 1232 792 1294 Ao
811 1233 846 1292 de
866 1232 902 1293 iis
923 1232 1053 1310 quidem,
1076 1250 1148 1312 quae

90 1321 225 1382 videntur
243 1324 315 1380 'esse
327 1319 462 1381 utilitates
484 1326 585 1380 eontra
604 1317 744 1381 iustitiam
765 1316 950 1379 simulatione
969 1318 1148 1396 prudentiae,

90 1406 159 1467 satis
175 1403 305 1466 arbitror
319 1404 438 1468 dietmn.
460 1400 463 1405 ’

175 1489 236 1552 Sed
259 1489 433 1570 quoniame
453 1498 591 1569 quattuor
611 1489 742 1551 lontibus
767 1489 939 1553 honestatis
951 1488 1048 1568 primo
1074 1487 1147 1548 libro
1169 1502 1202 1552 96

91 1575 188 1638 ollioia
203 1576 353 1654 duximus,
374 1575 406 1636 in
424 1575 534 1636 eisdem
553 1592 714 1648 versemur,
733 1593 801 1636 oum
820 1573 989 1636 docebimus
1010 1594 1055 1649 ea,
1077 1593 1150 1653 quae

92 1661 244 1724 rideantur
258 1680 325 1723 esse
339 1660 418 1722 utilia
432 1679 528 1740 neque
543 1660 615 1735 sint,
635 1679 722 1740 quam
743 1660 802 1721 sint
816 1660 931 1721 virtutis
951 1659 1077 1721 inimica.
1106 1659 1149 1721 Aa
1207 1657 1213 1662 ’

91 1745 296 1826 dependentia
312 1745 438 1825 quidem,
454 1764 541 1826 quam
552 1745 612 1807 vult
625 1744 733 1818 imitari
744 1745 860 1817 malitia,
874 1745 1001 1825 itemque
1012 1745 1048 1806 de
1064 1744 1148 1806 iusti-

91 1832 142 1906 tia,
161 1851 240 1912 quae
254 1849 369 1910 semper
383 1839 428 1892 est
441 1831 534 1903 utilis,
554 1831 734 1910 disputatum
753 1838 806 1892 est.
835 1831 972 1910 Reliquae
992 1839 1062 1892 sunt
1077 1831 1150 1892 duae

91 1925 188 1996 partes
206 1915 377 1988 honestatis,
393 1933 516 1996 querum
532 1915 620 1977 altera
633 1915 664 1976 in
675 1915 764 1976 animi
775 1917 939 1977 excellentis
950 1916 1149 1995 magnitudine

92 2011 120 2063 et
134 2003 312 2082 praestantia
333 2002 472 2074 eemitur,¹
493 2001 580 2063 altera
598 2001 629 2062 iu
649 2001 884 2064 conformatione
902 2011 931 2064 et
950 2001 1149 2064 moderatione

94 2087 288 2150 continentiae
303 2094 332 2147 et
345 2086 562 2167 temperantiae.

128 2277 200 2326 atara
210 2277 360 2326 -eoaeeatr'rs
376 2274 427 2338 vgl.
439 2273 482 2340 15.
490 2273 522 2324 32
532 2290 594 2342 pro·
648 2267 760 2341 spiam,
780 2289 819 2324 wo
834 2275 879 2324 der
890 2273 1035 2324 sebeinbare
1048 2273 1148 2324 Nutzeu

97 2345 183 2392 naras
195 2345 270 2393 atara.
647 2343 693 2392 der
702 2341 807 2405 Tugend
815 2357 974 2405 vorgezogeo
984 2343 1055 2404 wird‚
1068 2343 1149 2391 sowol

131 2415 284 2462 ementatum
294 2411 412 2462 utilitate.
433 2411 494 2462 Hier
506 2412 540 2461 ist
551 2427 594 2461 na·
648 2411 703 2462 eine
721 2409 942 2474 Ungereebtigkeit
957 2410 995 2458 als
1012 2411 1068 2459 eine
1082 2409 1148 2461 Ver*

98 2476 185 2546 tiirjlieb
207 2495 253 2529 our
273 2480 319 2529 der
337 2482 422 2529 wabre
434 2479 535 2530 Nutzen
551 2495 594 2543 ge·
647 2479 766 2542 keunung
785 2479 829 2528 des
846 2479 947 2528 wahren
965 2476 1078 2528 Nutzens
1098 2478 1148 2527 uod

96 2545 181 2613 meiat,
204 2549 251 2598 der
269 2563 318 2597 von
340 2549 386 2598 der
407 2547 596 2610 Gereebtiglreit
648 2549 734 2597 darum
762 2546 858 2597 lulsebe
885 2543 1014 2611 lllugbeit,
1047 2545 1149 2595 desbalb

96 2613 162 2666 uiebt
173 2631 206 2664 zu
218 2621 323 2666 trennen
336 2615 378 2665 ist.
647 2615 733 2664 lassen
745 2615 796 2664 oieb
810 2614 938 2665 dieeelben
955 2615 1022 2664 niobt
1033 2614 1083 2663 wol
1099 2629 1148 2664 von

128 2682 168 2732 96.
193 2681 276 2734 Ueber
295 2683 340 2733 des
357 2682 526 2747 Maogelbulte
544 2683 597 2734 die·
649 2683 769 2732 einander
780 2691 893 2734 treonen.
912 2682 1147 2751 Desistabernoeb

95 2764 137 2800 ser
148 2751 310 2814 llintbeiluog
322 2752 372 2800 und
383 2752 423 2801 die
434 2751 595 2814 Naebliiaoig-
649 2750 707 2800 lreio
720 2749 818 2814 Grund‚
840 2750 925 2800 diesen
938 2749 963 2816 ᾖ.
979 2748 1021 2800 liir
1031 2757 1148 2813 unterge-
1215 2763 1219 2768 ·

95 2816 153 2883 leit,
166 2818 205 2868 sie
218 2826 273 2869 erst
284 2819 339 2870 bier
350 2819 509 2884 beieul'rigem
523 2819 557 2869 ist
569 2820 594 2868 in
649 2817 756 2868 sebobeo
770 2835 802 2868 zu
814 2818 941 2882 erkldren,
952 2819 1074 2869 vielmebr
1085 2819 1150 2868 wird

95 2885 139 2935 der
149 2886 218 2938 Einl.
230 2889 394 2952 gesproeben.
418 2886 456 2938 Zu
474 2888 595 2937 berehorn
650 2885 709 2936 e.33
720 2886 808 2936 adol.
819 2885 911 2937 Restat
920 2891 1012 2953 pataria
1018 2903 1083 2954 pare
1092 2887 1149 2937 dur·

94 2953 128 3004 ist
141 2954 237 3016 temer,
257 2955 315 3004 dass
327 2957 396 3006 diese
408 2955 595 3019 naobtriigliebe
648 2955 694 3005 aul
707 2955 882 3006 ausdriielrlieb
894 2956 978 3019 Bezug
994 2970 1147 3018 genommen.
1164 2975 1169 2980 ’

94 3018 284 3084 lnbaltsangube
295 3021 345 3073 Cib.
358 3023 460 3087 zwingt,
475 3024 519 3074 das
533 3023 595 3073 oben
650 3022 714 3074 Will
730 3039 786 3074 rnen
802 3023 918 3074 vellendo
935 3040 984 3073 ‘nur
1000 3025 1040 3074 die
1056 3023 1149 3074 Worte

95 3087 206 3154 Gosagte
217 3091 259 3150 Aa
268 3089 300 3141 de
310 3093 343 3142 e‘ie
357 3091 469 3158 madan,
481 3107 545 3158 puae
557 3093 595 3142 ei·
649 3107 697 3140 von
706 3092 746 3140 Ae
754 3091 931 3160 dependentia
939 3107 970 3140 on
982 3093 1113 3157 streieben,
1121 3108 1149 3141 so

95 3156 188 3208 dmtar
199 3185 242 3222 -,
254 3159 368 3210 arbitror
380 3159 478 3211 dietam
489 3175 522 3209 zu
533 3159 595 3208 wie·
650 3159 717 3210 stebt
726 3160 771 3209 der
783 3165 851 3210 erste
861 3160 922 3210 Satz
931 3158 984 3210 Sed
994 3163 1150 3226 qnoniam—-

95 3222 212 3276 derbolen
226 3226 250 3274 in
262 3228 310 3277 den
319 3226 429 3278 Warten
439 3228 479 3278 Aa
491 3228 522 3277 de
584 3253 596 3264 -
648 3230 750 3278 ababa
758 3229 861 3278 intmim
872 3227 1035 3278 ausseraller
1043 3227 1151 3278 Verbin-

95 3291 181 3344 deatr'a
193 3293 293 3358 paridem
304 3300 351 3344 eet.
374 3293 419 3346 Die
428 3294 528 3352 Worte.
550 3295 593 3344 ,71
649 3295 722 3357 dung,
735 3296 786 3344 und
795 3297 839 3346 das
849 3291 1039 3358 folgende'atr'le
1050 3296 1149 3347 rideba-

98 3359 343 3420 Quoer'roaartataao
352 3363 475 3414 tollendae
483 3367 546 3414 eant
554 3379 596 3414 aa·
650 3367 692 3414 tur
702 3362 771 3416 Ulisi
781 3363 899 3414 sebliesst
907 3365 959 3414 eleb
970 3364 1037 3414 niebt
1045 3365 1150 3427 gebbrig

95 3443 142 3492 pao
152 3430 263 3494 malitia,
284 3425 348 3497 qaae
364 3431 419 3482 uult
433 3431 478 3482 ella
494 3431 596 3498 poedore
649 3433 726 3482 daran
740 3446 779 3482 an.

95 3495 177 3549 adeat
187 3515 281 3550 aeaeae
306 3495 594 3550 mdentiamsiebtman
683 3501 764 3550 aalma
784 3500 930 3550 accederetis
953 3499 1104 3563 aragnitudo
1125 3505 1152 3550 et

96 3565 202 3615 zumeiat
217 3567 255 3616 ala
291 3582 368 3618 reuze
384 3568 429 3618 des
445 3573 530 3618 ersten
543 3567 595 3618 Ab·
647 3569 820 3636 praestantia,
840 3569 864 3618 d.
878 3569 893 3616 i.
910 3568 949 3617 die
966 3569 1029 3617 bobe
1039 3569 1097 3616 und
1109 3575 1149 3617 tu-

96 3633 215 3696 eobuitts,
233 3634 295 3684 iiber
310 3635 350 3686 dio
363 3633 595 3698 falselrelilugbeit,
649 3636 783 3699 gendbalte
806 3635 963 3698 Gesinnung,
988 3636 1083 3685 welebe
1104 3635 1148 3686 be·

95 3713 134 3748 an.
157 3701 227 3751 Doelr
239 3702 326 3753 wiirde
339 3704 390 3753 sieb
404 3703 464 3767 Cia,
481 3719 554 3753 wenn
567 3719 596 3754 er
648 3703 738 3766 wirlrt,
762 3704 820 3754 dass
841 3705 894 3754 sieb
914 3719 991 3754 unser
1012 3702 1084 3754 Geist
1103 3719 1167 3770 vor!

96 3779 125 3814 un
139 3767 214 3832 jener
227 3768 307 3820 Stella
324 3771 364 3820 die
379 3771 505 3837 Beispiale
525 3772 595 3822 b'ritte
648 3769 750 3822 Abdero
763 3774 931 3822 auszelebuet.
954 3771 1012 3833 Vgl.
1025 3771 1048 3836 ξ.
1060 3771 1093 3821 24
1105 3789 1151 3823 ιω-

97 3848 124 3882 ao
146 3851 195 3886 von
216 3837 335 3888 einander
358 3839 475 3889 sebelden
496 3839 595 3903 wellen,
649 3839 752 3890 eonem
770 3843 850 3890 aulai
866 3845 892 3888 et
905 3839 1064 3906 magnitudo.
1098 3840 1148 3906 l§.

96 3903 146 3977 pvol
158 3904 313 3956 bestimmten
322 3907 490 3969 ausgedriielt
501 3907 595 3968 beben3
652 3908 681 3957 17
694 3910 775 3958 antara*
785 3907 933 3958 eaeelleatia
941 3907 1150 3976 magnitudoque.

95 3971 231 4030 redenlelle
252 3974 321 4038 eoigt
341 3975 393 4025 aiob
413 3975 438 4025 in
455 3975 521 4026 allen
537 3975 596 4026 llei-
683 3976 855 4042 eoafmnaatio
872 3980 898 4026 ot
912 3975 1054 4030 moderatio
1071 3979 1151 4029 eonas
