2788 4486
200 289 260 354 130
628 284 672 336 nh
690 282 827 338 OFFIGIIS

196 441 370 504 admodum
385 441 459 506 vivat
473 441 630 522 inquiritur
645 447 683 513 et,
698 446 847 520 tamquam
861 439 892 502 in
908 439 1071 503 clarissima
1083 439 1147 502 luce
1162 460 1260 504 verse-

196 535 254 602 tur,
269 526 309 589 ita
324 528 436 590 nullum
452 527 613 590 obscurum
628 532 727 606 potest
737 541 792 586 nec
804 525 987 600 dictruneius
999 544 1065 587 essa
1076 544 1133 588 nec
1143 527 1258 590 lactum.

142 624 176 673 45
197 613 335 687 Quorum.
347 621 445 677 autem
458 613 553 693 prima
567 619 646 674 aetas
661 617 783 691 propter
796 611 990 674 humilitatem
1006 617 1035 672 et
1051 611 1259 675 obscuritatem

195 699 227 760 iu
241 698 397 764 hominum
412 699 594 778 ignoratione
608 703 748 769 versatur,
768 697 802 769 ii,
824 697 910 758 simul
925 717 958 758 ac
975 697 1092 759 iuvenes
1110 715 1176 759 esse
1191 717 1259 760 coe-

195 792 313 863 perunt,
327 803 433 864 magua
450 792 582 864 spectare
597 790 625 844 ct
640 783 676 844 ad
691 801 724 844 ea
739 781 826 844 rectis
839 783 944 844 studiis
956 783 1061 844 debent
1074 785 1260 858 contendere,

197 868 276 950 quod
294 889 331 930 eo
352 870 483 930 firmiore
503 870 602 930 auimo
622 869 740 942 sacient,
762 867 910 946 quianon
930 869 1020 930 modo
1037 886 1098 929 uon
1115 869 1260 932 invidetur

195 955 234 1015 illi
249 955 344 1028 aetati,
359 973 460 1016 verum
477 955 563 1016 etiam
578 957 697 1015 lavetur.

282 1039 381 1103 Prima
407 1049 452 1101 est
471 1040 560 1118 igitur
579 1038 756 1100 adulescenti
777 1039 992 1102 commendatio
1014 1040 1049 1100 ad
1070 1039 1207 1118 gloriam,
1236 1041 1260 1102 si

197 1142 253 1204 qua
278 1143 318 1186 ex
344 1125 486 1186 bellicis
506 1125 612 1186 rebus
636 1124 800 1204 comparari
814 1131 926 1203 potest,
954 1125 983 1186 iu
1004 1142 1060 1205 qua
1079 1125 1161 1186 multi
1183 1125 1261 1205 apud

195 1209 324 1271 maiores
345 1217 466 1272 nostros
487 1210 656 1271 extiterunt:
678 1227 795 1289 semper
815 1209 895 1271 enim
912 1211 972 1271 lere
986 1210 1060 1271 bella
1076 1211 1259 1290 gerebantur.

197 1295 258 1356 Tua
274 1303 370 1358 autem
391 1303 469 1357 aetas
490 1295 591 1357 incidit
609 1295 642 1358 ir
661 1294 690 1355 id
709 1295 829 1368 bellum,
852 1295 934 1356 cuius
950 1296 1041 1358 altera
1056 1313 1122 1376 pars
1139 1295 1258 1357 sceleris

139 1382 143 1388 ’
195 1379 321 1440 nimium
333 1379 443 1454 habuit,
455 1381 543 1442 altera
555 1379 695 1442 felicitatis
707 1397 821 1460 parum.
848 1381 915 1454 Quo
925 1389 1023 1442 tamen
1032 1382 1061 1442 iu
1068 1381 1142 1443 bello
1153 1399 1219 1442 cum
1231 1391 1260 1442 te

197 1465 356 1544 Pompeius
372 1466 432 1526 alae
449 1465 553 1543 [alteri]
571 1465 767 1546 praefecisset,
782 1483 919 1544 maguam
936 1467 1052 1530 laudem
1067 1474 1097 1527 et
1111 1485 1129 1528 a
1141 1485 1259 1535 summo

196 1549 258 1619 viro
275 1559 302 1612 et
317 1551 352 1611 ab
368 1550 495 1613 exercitu
510 1551 729 1631 consequebare
744 1551 911 1630 equitando,
928 1551 1089 1625 iaculando,
1106 1551 1188 1613 omui
1202 1551 1260 1612 mi-

196 1634 270 1696 litari
288 1635 387 1698 labore
406 1635 568 1698 tolerando.
610 1638 704 1715 Atque
723 1655 756 1696 ea
776 1636 894 1716 quidem
913 1645 962 1698 tua
981 1638 1043 1698 laus
1063 1638 1172 1717 pariter
1193 1656 1259 1700 cum

196 1719 354 1800 republica
370 1721 483 1783 cecidit.
504 1721 573 1782 Mihi
588 1731 687 1783 autern
701 1721 772 1783 haec
788 1721 880 1784 oratio
897 1731 1032 1802 suscepta
1043 1739 1105 1783 nou
1118 1722 1153 1783 de
1163 1730 1192 1784 te
1207 1729 1260 1796 cst,

195 1806 246 1867 sed
263 1806 299 1866 de
313 1824 420 1884 genere
434 1814 511 1867 toto:
533 1826 621 1886 quam
637 1807 753 1868 obrem
770 1825 927 1887 pergamus
943 1808 978 1870 ad
994 1828 1035 1883 ea,
1053 1827 1125 1889 quae
1140 1816 1259 1872 restant.

142 1899 175 1949 46
285 1891 324 1952 Ut
339 1891 426 1971 igitur
447 1891 477 1952 iu
498 1893 617 1972 reliquis
637 1891 727 1952 rebus
742 1893 835 1955 multo
851 1893 962 1955 maiora
983 1902 1157 1973 operasuut
1172 1894 1263 1956 animi

196 1995 286 2054 quam
302 1977 446 2056 corporis,
469 1976 511 2038 sic
527 1997 576 2039 eae
587 1997 644 2051 res,
661 1996 732 2056 quas
748 1977 866 2054 ingenio
879 1997 912 2040 ac
923 1979 1036 2040 ratione
1047 1980 1260 2060 persequimur,

231 2179 272 2230 45.
290 2184 367 2232 rectia
387 2181 480 2234 sladen
500 2180 653 2233 contendere
668 2183 702 2232 ist
755 2182 800 2232 dus
811 2182 958 2234 Commando
971 2184 1034 2234 iiber
1047 2183 1102 2235 eine
1115 2185 1200 2236 solche
1209 2183 1258 2237 alo.

197 2249 258 2298 nuch
275 2249 321 2298 der
333 2247 454 2314 Analogia
472 2266 520 2301 von
534 2255 604 2302 recto
617 2266 702 2316 mrsu,
756 2249 789 2300 So
813 2267 868 2302 war
885 2268 912 2304 cs
930 2255 992 2304 auch
1011 2253 1034 2302 in
1054 2254 1099 2304 der
1116 2251 1260 2304 Raiscrzeit

196 2320 266 2370 reolo
277 2319 369 2369 innare
380 2325 476 2382 gesugt.
756 2318 821 2370 Sitte
833 2319 1200 2386 (Suetcn.hug.38‚46.Claurl,
1208 2322 1259 2386 25),

197 2386 702 2518 ct't'ttatattthtlltth‘ht
755 2389 804 2504 tl
819 2389 1149 2522 llttlhltnllnlt
1162 2391 1260 2509 {tlt

196 2520 289 2571 Rn’mer
300 2524 361 2572 auch
374 2523 454 2574 h'o‘her
464 2524 502 2574 ala
513 2525 558 2574 cler
568 2525 643 2574 durch
653 2523 701 2573 Bc·
756 2523 826 2574 Danu
849 2541 918 2576 muss
941 2526 1002 2577 aber
1022 2474 1099 2578 albai
1116 2527 1259 2590 gestuichen

196 2589 348 2639 redsamheit
359 2589 487 2654 erlangte3
504 2592 555 2655 vgl.
567 2590 591 2657 §.
606 2591 646 2640 66.
755 2592 866 2658 werden,
884 2595 947 2643 deun
966 2610 993 2644 es
1011 2609 1095 2646 waren
1112 2595 1180 2646 uicbt
1194 2603 1259 2646 elwa

229 2659 257 2707 in
270 2673 319 2724 qua
337 2657 444 2722 (gloria)
462 2658 700 2722 monachrorum,
752 2658 780 2721 jc
802 2661 879 2709 zavei
900 2661 956 2710 alac
977 2663 1046 2712 einer
1065 2661 1160 2726 Legieu
1182 2679 1259 2726 zuge-

197 2727 249 2800 sich
266 2727 459 2790 auagezeichuet
476 2727 568 2790 huben3
586 2727 616 2778 dc
634 2743 670 2777 or.
682 2725 700 2790 l,
755 2726 835 2790 theilt,
849 2728 956 2777 souderu
966 2728 995 2790 J'e
1007 2731 1068 2778 uach
1081 2731 1128 2778 deu
1142 2730 1260 2782 Umatiiu-

197 2793 220 2854 3,
237 2793 427 2860 loquelarum
438 2799 619 2862 angererea‘ta
627 2795 704 2846 multi
755 2794 803 2844 deu
815 2796 884 2845 mehr
896 2795 956 2843 oder
968 2795 1087 2857 weniger.
1112 2796 1164 2845 Ala
1177 2798 1261 2848 altero

198 2866 224 2911 et
229 2862 342 2930 perfecti
350 2862 464 2914 bonoloco
474 2867 625 2914 actiterunt.
639 2864 673 2914 ib.
682 2861 701 2926 l,
755 2862 846 2913 kbuute
856 2877 903 2912 uur
911 2861 1061 2912 bezeichnen
1072 2861 1111 2910 uie
1121 2861 1204 2911 lllill‘tc
1214 2865 1262 2912 der

197 2928 222 2992 2,
233 2928 248 2977 6
265 2945 323 2980 corn
334 2929 422 2996 plures
433 2933 459 2980 in
473 2935 589 2982 omnibm
601 2933 702 2982 mribus
754 2929 845 2980 Armce
858 2931 904 2979 ‹ler
915 2931 983 2994 accii,
996 2930 1042 2978 der
1053 2928 1184 2979 italischen
1194 2930 1259 2980 Ruu-

197 2998 307 3062 quema‘o
317 2997 703 3050 dicendoadma'rabilereoelt'tr's-
756 2998 939 3062 desgcuosseu,
956 2998 996 3048 die
1012 2997 1036 3046 iu
1050 2997 1091 3048 ola
1103 2996 1198 3049 derclra
1208 3001 1260 3049 und

197 3069 261 3116 rent.
275 3065 442 3118 Beieeirlere
452 3065 701 3130 inglombruuchte
756 3068 863 3116 enra'stra
880 3065 1012 3127 corbeien,
1029 3064 1091 3116 aber
1107 3066 1153 3116 der
1167 3065 1260 3117 Uuter-

197 3135 236 3183 eiu
250 3131 366 3196 Adjectiv
378 3134 427 3184 wie
438 3134 575 3200 perfectus,
589 3133 702 3185 admina-
755 3133 840 3183 schied
860 3134 984 3184 zwiscbeu
1002 3135 1066 3184 secti
1081 3134 1130 3184 und
1146 3134 1260 3200 legiones

197 3201 253 3252 halis
264 3201 332 3251 nicht
343 3201 505 3266 hinzugcliigt
517 3218 549 3252 zu
560 3202 671 3252 werden.
754 3199 885 3252 Romanae
902 3203 971 3251 hatte
988 3201 1133 3267 uulgehlirt,
1154 3203 1260 3254 saionem

232 3273 276 3318 tua
287 3273 375 3319 oetas:
391 3284 412 3319 s,
425 3269 491 3320 Eiul.
754 3268 794 3318 die
806 3267 965 3320 ltalilrer'das
975 3269 1145 3333 hiirgerrecht
1156 3271 1258 3322 bokom·
1347 3319 1352 3326 .

230 3335 312 3386 altera
326 3351 391 3404 pars
408 3337 512 3390 realem
529 3339 651 3390 nimium:
674 3337 700 3404 6.
754 3352 810 3386 uren
822 3338 909 3389 hatten
920 3337 970 3387 666
985 3337 1044 3402 (89).
1068 3340 1152 3392 altera
1163 3341 1197 3391 ist
1208 3340 1259 3392 Zu-
1388 3335 1389 3352 ¹

197 3403 419 3472 27causaimpr'o.
706 3420 710 3426 ’
756 3412 811 3455 sulz
828 3421 877 3456 ven
896 3406 1012 3471 lemano,
1030 3408 1138 3459 aemuia
1149 3408 1258 3460 Haeres-

230 3472 294 3522 alce.
318 3473 364 3522 Die
381 3473 492 3524 liciterei
505 3475 703 3539 derlluudeage·
756 3473 909 3538 eiuthcilung
925 3473 1005 3526 frctutl
1022 3490 1093 3540 wnr,
1110 3478 1160 3527 und
1174 3478 1258 3528 darum

197 3555 288 3590 uossau
300 3541 476 3605 (cwihnrea)
489 3557 544 3593 war
555 3544 702 3607 eiugctheilt
736 3541 950 3593 'ahohuealtero
959 3545 1259 3596 unverstlindlichschieu.

198 3609 221 3657 iu
238 3608 307 3674 aloe,
323 3609 508 3674 Abtheiluugeu
523 3628 555 3661 zu
567 3611 701 3662 300-466
785 3615 885 3679 pariter
897 3613 965 3662 steht
976 3612 1030 3662 hier
1042 3613 1163 3680 temporal
1174 3612 1216 3663 fiir
1225 3605 1260 3662 li-

197 3676 280 3728 Muun.
302 3677 326 3727 lu
341 3676 444 3728 Ciceros
453 3679 512 3730 Zcit
523 3681 631 3746 pilegten
642 3696 702 3730 vor·
753 3679 818 3740 mu13
837 3680 867 3730 de
885 3693 923 3728 or.
936 3678 978 3744 lll,
997 3679 1025 3744 3,
1045 3681 1076 3731 16
1091 3685 1122 3732 ul
1135 3680 1222 3730 6116-
1234 3684 1261 3730 el

198 3747 285 3797 nehme
297 3745 375 3812 junge
387 3746 466 3797 Leule
483 3747 551 3798 nicht
562 3748 587 3799 iu
599 3748 639 3798 uie
652 3747 701 3798 Le·
755 3749 855 3799 cinisca
872 3752 972 3817 pariter
993 3764 1051 3799 curn
1071 3746 1215 3815 republica
1234 3752 1259 3798 et

197 3814 255 3878 glou
268 3815 434 3879 eiuzutreteu,
448 3817 556 3866 sonderu
565 3817 604 3866 als
614 3821 703 3868 coarto·
756 3831 815 3868 cum
826 3831 856 3866 eo
867 3819 996 3868 collector
1008 3833 1065 3866 erre
1075 3816 1200 3866 videatur.

197 3882 702 3952 hamalerimperatonbdieerstcuhieu-
791 3885 822 3936 de
836 3901 934 3951 genere
951 3889 1004 3936 tcto
1022 3884 1095 3934 namt.
1109 3883 1259 3934 adulescen-

198 3955 237 4000 ste
248 3965 279 4000 zu
288 3951 357 4016 thur,
367 3953 417 4003 und
427 3953 549 4004 erhiclteu
559 3954 704 4004 danumeist
756 3953 825 4018 tium,
839 3969 861 4004 z.
873 3951 898 4018 6.
911 3952 953 4004 36.
1025 4011 1028 4020 ,
