2774 4482
519 267 612 360 arur.
639 305 710 358 cnr.
723 307 747 357 r.
761 307 785 357 3.
1143 309 1181 372 31

118 463 267 526 sententia
281 470 335 535 est,
352 463 404 542 qai
417 472 519 525 tamen
533 463 677 524 haherent
690 461 737 523 ius
750 478 837 523 suurn
848 460 1018 540 disputandi
1029 461 1065 521 de
1077 462 1185 538 ollioio,
1251 499 1257 510 ι

118 549 145 612 si
159 566 261 611 rerum
273 547 401 627 'aliquem
416 549 559 610 delectum
574 546 773 627 reliquissent,
788 553 822 608 ut
837 545 873 607 ad
885 545 974 607 offioii
984 546 1185 610 inventionem

119 634 219 696 aditus·
243 641 331 694 esset.
367 633 526 714 Sequimur
550 633 639 714 igitur
663 633 723 694 hoo
740 630 859 712 quidem
879 637 1013 712 tempore
1033 640 1062 694 et
1080 632 1111 694 in
1129 633 1185 694 hac

118 719 291 801 quaestione
305 716 494 798 potissimum
510 717 628 780 Stoicos
643 735 706 779 non
720 725 753 779 ut
767 717 955 796 interpretes,
976 717 1040 791 sed,
1056 726 1091 778 ut
1105 719 1184 780 sole-

117 824 199 878 mus,
215 823 231 864 e
245 803 375 864 lontibus
391 821 495 865 eorum
511 802 619 864 iudicio
635 802 815 880 arbitrioque
829 810 935 863 nostro
951 809 1095 881 quantum
1106 819 1183 882 quo-

118 909 178 970 que
192 889 283 952 modo
298 887 442 950 videbitur
455 888 634 950 hauriemus.

205 975 303 1036 Placet
316 972 414 1052 igitur,
430 973 571 1052 qnoniam
582 973 681 1034 omnis
693 971 851 1052 disputatio
863 973 900 1033 de
911 972 1009 1033 olfioio
1022 972 1120 1034 sartura
1130 981 1184 1048 ost,
1205 984 1219 1033 t

118 1067 187 1120 ante
206 1058 327 1120 definire
346 1059 417 1138 quid
437 1059 476 1119 sit
496 1057 640 1120 officium:
660 1057 741 1138 quod
756 1076 773 1118 a
786 1057 925 1118 Panaetio
940 1059 1184 1137 praetermissum

117 1163 186 1206 esse
204 1144 306 1204 miror.
338 1143 442 1204 Omnis
463 1143 541 1204 enim
561 1161 634 1222 quae
656 1145 699 1221 [a]
721 1142 835 1204 ratione
855 1142 1015 1221 suscipitur
1034 1142 1070 1202 de
1090 1143 1184 1223 aliqua

115 1249 149 1290 re
164 1227 308 1290 institutio
320 1227 406 1294 dehet
420 1247 437 1290 a
452 1227 622 1290 delinitione
635 1227 798 1308 proficisci,
813 1235 847 1288 ut
861 1227 1044 1306 intellegatur
1058 1228 1129 1306 quid
1146 1229 1184 1288 sit

115 1315 161 1387 iol,
189 1315 225 1376 de
251 1331 311 1394 quo
338 1313 512 1393 disputetur.
549 1311 654 1374 Omnis
675 1313 711 1374 de
730 1313 828 1374 allicio
849 1311 1021 1391 duplex-est
1041 1313 1221 1391 quaestioi

116 1399 219 1462 Unum
229 1415 324 1476 genus
336 1405 389 1473 est,
404 1398 484 1478 quod
496 1397 623 1478 pertinet
634 1399 670 1460 ad
683 1398 773 1458 tinent
784 1397 943 1470 honorum,
959 1396 1092 1470 alterum,
1105 1397 1185 1476 quod

115 1484 249 1564 positum
277 1483 372 1544 estin
392 1483 569 1562 praeceptio,
596 1483 703 1562 quihus
723 1483 755 1542 in
775 1499 879 1542 omnes
899 1489 998 1559 parles
1018 1499 1091 1542 usus
1111 1482 1186 1543 vitae

117 1569 299 1631 conformari
315 1569 421 1647 possit.
448 1566 619 1647 Superioris
636 1567 749 1646 generis
764 1566 853 1627 huius
868 1564 950 1642 modi
963 1574 1033 1627 sunt
1044 1568 1185 1646 exempla,

118 1653 257 1716 omniane
273 1653 369 1714 ostiola
384 1653 511 1733 perlecta
526 1652 594 1726 sint,
609 1670 682 1714 num
697 1651 777 1732 quod
789 1651 919 1712 ollioitun
931 1650 1009 1712 aliud
1021 1651 1076 1712 alio
1088 1653 1184 1713 maius

116 1871 181 1906 nans
197 1855 338 1921 iiberlranpt
352 1856 392 1906 die
408 1854 627 1918 Untersolreidnng
652 1911 653 1918 ἵ
681 1855 720 1904 ed.
738 1854 836 1904 lleeren
860 1849 980 1924 ὁρίζεται
997 1851 1029 1905 ul
1045 1851 1077 1906 τὸ
1094 1857 1184 1922 καθῆ-

115 1916 626 1987 uesWertlesueruinge.nietntuoo
679 1939 730 1974 κον
746 1917 778 1972 τὸ
796 1916 955 1974 ἀκόλουθον
973 1919 1003 1974 ἐν
1023 1923 1056 1993 τῇ
1079 1923 1146 1995 ζωῇ,
1169 1918 1184 1974 ὃ

55 2017 59 2020 -
115 1991 251 2054 uerseele,
263 1992 309 2041 das
319 1989 520 2054 hiensteGliiolr,
530 1989 624 2040 konnte
678 1988 810 2058 πραχθὲν
822 1982 938 2056 εὔλογον
950 1983 1111 2060 ἀπολογίαν
1120 1991 1184 2060 ἔχει.

114 2059 203 2108 mitlrin
221 2075 268 2108 nur
283 2060 330 2109 der
346 2060 490 2123 erreielren,
509 2058 554 2109 dor
571 2058 624 2108 sich
678 2075 699 2110 s.
712 2058 780 2109 Einl.
804 2057 873 2108 Alter
889 2058 945 2107 hier
960 2057 1025 2109 fehlt
1036 2060 1076 2110 ‹lie
1088 2060 1185 2112 Defini·
1248 2110 1251 2118 ,

114 2141 197 2190 gagen
217 2126 288 2176 Alles
313 2125 478 2190 gleiahgiiltig
502 2125 621 2177 rorlriolt.
677 2128 739 2177 tion.
764 2125 807 2176 Sia
816 2141 885 2176 mnss
894 2125 1050 2189 ausgefallen
1061 2128 1123 2194 sein,
1131 2145 1184 2179 was

113 2194 203 2244 Aristo
216 2210 266 2246 von
276 2193 359 2258 Chius,
374 2194 480 2244 Sohiiler
489 2195 534 2244 des
543 2193 622 2257 Zeno,
676 2189 883 2245 wahrsolreirflioh
903 2201 958 2244 erst
974 2195 1035 2244 naolr
1052 2195 1184 2246 llinsolrie-

112 2262 178 2312 aber
186 2263 256 2312 mehr
265 2261 539 2328 CynilreralsStoikor,
548 2263 622 2343 leap-
676 2264 745 2326 hung
756 2277 806 2314 von
820 2260 844 2326 ξ.
855 2261 870 2311 8
883 2263 1023 2324 geschehen
1037 2263 1078 2325 int,
1092 2264 1118 2312 in
1129 2265 1183 2314 dem

112 2336 175 2380 neto
184 2330 252 2380 allon
261 2329 427 2380 Untersoltietl
440 2338 516 2380 unter
529 2331 576 2380 don
591 2348 623 2380 α·
676 2331 787 2380 diuselbe
797 2329 930 2379 Definition
943 2330 989 2379 aul
998 2331 1038 2379 die
1048 2331 1133 2381 utedia
1144 2333 1185 2396 of-

112 2391 269 2464 διαφόροις
283 2398 311 2456 ts.
320 2397 405 2458 llinli,
417 2399 480 2446 auolr
491 2413 520 2446 er
528 2397 622 2448 konnte
670 2399 736 2466 fluia
747 2398 897 2461 ungawantlt
909 2394 981 2447 vilrtl.

114 2461 622 2530 alsouerutonstenvorsonrtlteugeni·
710 2489 729 2552 3
759 2499 782 2552 D
819 2499 863 2552 lm
904 2504 916 2550 t
1006 2504 1027 2551 ἡ.
1073 2501 1103 2550 D·
1129 2501 1168 2553 Ab

111 2527 333 2579 hailzulrandoln
347 2529 623 2582 lreinenraalenlnlralt
731 2531 741 2551 ⁶
783 2516 818 2569 “P
875 2517 903 2550 ⁰⁸
991 2517 1049 2552 ⁸⁰¹
1096 2517 1119 2551 ¹⁰
1171 2529 1182 2539 “

111 2597 205 2662 gelren.
235 2596 290 2646 Aul
302 2596 415 2648 llerillns
436 2599 558 2662 dagegen,
576 2601 622 2650 der

105 2663 258 2729 'gleiohlalls
278 2663 385 2716 Solriilor
406 2667 450 2716 des
467 2665 536 2716 Zeno
557 2682 620 2731 war,

110 2741 185 2799 passt
201 2733 256 2782 (lies
272 2733 353 2798 nicht,
374 2735 406 2784 da
422 2749 452 2784 er
467 2735 546 2784 neben
563 2737 620 2786 (lem
650 2753 656 2767 ⁸

110 2801 219 2850 Wisson
231 2800 270 2850 als
283 2802 404 2852 hoensten
417 2802 511 2852 Zr'reok
522 2803 617 2868 (τέλος)

111 2869 151 2918 ein
159 2869 268 2919 anderes
277 2868 377 2936 Prinoip
387 2865 566 2927 ὑποτελίςῖιίι·
574 2873 619 2923 das

110 2936 255 3001 pralrtisohe
267 2935 353 2987 Leben
365 2940 478 2988 annalrm.

111 3006 619 3126 ,tttltlrltltltlliltll

110 3140 250 3204 Vortrago,
267 3142 314 3190 den
330 3111 361 3191 ’er
370 3142 442 3212 jetat
458 3143 544 3192 lralten
555 3145 619 3194 will.

108 3207 620 3276 DahortlerWaohoeldertemporu.‘Un-

111 3291 167 3338 ger.

675 2569 803 2632 handlnng
818 2567 881 2619 iiber
892 2568 933 2617 uie
945 2567 1027 2619 Moral
1040 2568 1145 2620 zorl'aillt
1156 2571 1181 2620 in

674 2639 715 2688 die
736 2637 930 2699 Untarsuolrung
952 2635 1016 2686 iiber
1036 2638 1080 2687 das
1101 2637 1182 2701 allge-

674 2706 755 2766 rneine
766 2704 879 2770 Princip,
895 2704 996 2753 beiden
1010 2703 1128 2755 Stoilreru
1141 2705 1181 2756 (lie

673 2773 757 2836 Frage
773 2773 836 2822 naolr
858 2771 914 2821 dern
929 2771 1049 2822 hiiohsten
1067 2771 1132 2823 Gute
1150 2777 1181 2836 (s.

674 2841 761 2903 Einll,
777 2841 828 2890 und
848 2838 874 2889 in
895 2839 969 2888 einen
989 2841 1181 2906 periretisolren

674 2908 757 2960 Theil.
769 2907 826 2960 Nur
835 2907 881 2958 der
890 2907 952 2958 eben
962 2908 1180 2972 genonnteAristo

673 2977 832 3028 betraolrtete
844 2977 930 3026 diesen
940 2977 1050 3028 zweiten
1059 2976 1133 3027 Theil
1142 2979 1181 3028 als

674 3046 742 3096 nieht
754 3061 800 3094 zur
812 3043 972 3110 philosophie
985 3045 1099 3108 gehiirig.
1119 3043 1181 3096 lite-

674 3115 776 3176 anthes,
798 3112 844 3163 der
855 3111 1008 3176 Naohl'olger
1019 3111 1117 3176 Zanes,
1138 3129 1180 3163 er-

673 3181 766 3232 lannte
779 3181 821 3238 ilrn
833 3179 875 3230 fur
886 3182 935 3229 den
946 3179 1005 3230 Fall
1016 3195 1057 3242 an,
1070 3181 1128 3232 dass
1140 3181 1180 3232 die

673 3248 830 3299 besonderen
842 3247 1019 3299 Vorsohriften
1031 3249 1064 3298 im
1075 3247 1181 3300 Zusarn-

145 3345 250 3410 rutt'ono,
260 3347 446 3412 systematisolt,
456 3345 618 3414 suetum,
672 3319 794 3380 menhanss
810 3317 855 3366 ¹¹¹st
870 3317 917 3366 ‘¹⁸¹¹
929 3315 1096 3380 allffeffleissess
1107 3317 1180 3367 Ptin·
1231 3382 1236 3396 Ι

109 3413 149 3478 12,
162 3411 210 3473 423
222 3429 240 3463 a
250 3416 360 3478 ratione,
372 3429 426 3464 was
438 3415 478 3464 die
488 3414 563 3466 ΗΜ.
575 3418 619 3466 ha·
673 3385 753 3451 cipien
765 3384 916 3448 ‹largestellt
928 3384 1043 3446 wiirden3
1061 3400 1081 3434 s.
1093 3383 1179 3436 Zeller

107 3481 165 3544 hen,
183 3481 248 3533 liisst
261 3497 308 3532 nur·
320 3483 360 3533 die
373 3483 433 3532 selrr
445 3497 617 3546 gezwnngene
670 3452 823 3570 fffs⁰hl¹ght⁶
836 3452 882 3503 der
893 3467 931 3514 gf·
944 3455 1006 3503 fam·
1019 3451 1179 3518 Phi¹⁰⁸⁰lffi⁰
1223 3519 1225 3521 ,

106 3548 267 3612 Erklarung,
288 3566 345 3601 von
367 3551 467 3600 einenr
487 3551 616 3616 Prinelp
800 3605 805 3616 Ι
1013 3605 1019 3616 .
1052 3602 1058 3614 ⁸
1157 3602 1163 3614 η

106 3631 176 3680 nus,
190 3633 230 3668 zu.
703 3601 1178 3666 uausootaaeousonnam,drePraxrs
1216 3647 1220 3649 .

140 3685 297 3752 definitione.
332 3686 378 3736 uie
407 3687 541 3738 Definition
571 3687 617 3736 der
646 3742 649 3746 ,
670 3669 825 3721 deihebflfls
838 3670 1059 3734 Belegeltwel'de·

107 3751 212 3804 Stoiker
220 3755 256 3804 ist
265 3757 327 3805 naolr
335 3751 615 3818 Diog.Laert.Vll,107
704 3755 1177 3824 emutunoofficioporfeotueirot.wor

107 3817 148 3870 ἔτι
160 3819 192 3872 ut
204 3817 331 3887 καθῆκόν
341 3835 414 3890 φασι
424 3820 502 3885 εἶναι,
516 3817 531 3871 ὃ
543 3837 615 3940 rupo-
668 3823 718 3873 wie
730 3823 817 3874 Aristo
831 3827 859 3887 (s.
867 3823 889 3888 §.
897 3823 921 3882 6)
934 3825 982 3874 den
992 3822 1176 3874 Wortlrnnter-

103 3887 178 3954 χθὲν
195 3883 313 3956 εὔλογόν
332 3906 394 3942 τινα
416 3892 490 3957 ἴσχει
506 3883 565 3939 ἀπο
583 3907 614 3938 ο-
669 3893 752 3941 soluied
765 3893 811 3942 der
822 3893 929 3943 iinssern
939 3892 1018 3954 Dinge
1030 3906 1094 3956 ganz
1104 3892 1175 3956 loug-

107 3952 221 4026 γισμόν.
241 3958 293 4020 vgl.
312 3957 382 4008 stou,
402 3957 613 4023 eel.atl1.p.158
668 3966 733 4027 nete,
750 3960 793 4010 llil·
810 3961 857 4010 den
874 3960 967 4010 kounte
986 3976 1013 4010 os
1026 3961 1087 4010 anch
1101 3959 1175 4010 keine
