2718 4484
189 293 252 358 194
617 289 661 340 BE
679 287 816 342 OFFIOES

188 446 269 528 uuile
276 447 362 509 'fraus
376 443 476 519 aberit,
490 443 604 508 nullum
618 443 741 508 facinus.
773 445 824 506 Sic
836 443 915 506 euim
930 442 1078 522 copone:-
1097 441 1163 504 ‘Est
1173 441 1249 504 istuc

189 533 309 616 quidem
329 531 502 606 honestum,
521 549 623 592 verum
642 531 701 593 boc
719 529 859 612 expedit’,
877 547 925 592 res
944 548 961 589 a
979 536 1084 590 natura
1099 527 1249 608 copulatus

190 619 308 682 audebit
331 636 431 680 errore
453 616 597 691 divedere,
623 616 673 696 qui
692 619 761 679 tous
779 624 825 678 est
843 615 1001 688 fraudium,
1027 613 1249 686 maleficiorum,
1348 664 1349 669 ,

190 705 335 770 scelerum
349 704 491 766 omnium.

133 793 173 856 ta
275 791 375 885 ltaque
393 789 419 852 ei
434 789 587 850 virbonus
604 787 710 850 babeat
723 789 801 850 banc
814 787 887 860 vim,
906 793 952 859 ut,
972 785 999 846 si
1013 783 1112 862 digitis
1129 802 1250 846 concre-
1346 810 1349 871 p

190 863 423 960 pueritfpossit
444 874 475 935 in
498 873 687 955 locupletium
709 880 881 935 testamenta
899 869 1093 933 nomenoius
1115 869 1251 951 irrepere,

190 963 292 1026 haeai
310 979 372 1023 non
390 967 503 1031 utetur,
522 977 560 1021 ne
581 960 606 1020 si
626 959 807 1039 exploratum
827 957 945 1040 quidem
963 956 1069 1017 babeat
1081 955 1112 1016 id
1129 956 1250 1018 omuino

191 1049 340 1110 nemiuem
355 1063 496 1126 umquam
510 1046 737 1124 suspicaturum.
767 1045 837 1105 dtd
919 1044 994 1104 bauo
1007 1041 1066 1110 vim
1081 1041 1122 1102 Μ.
1134 1040 1251 1114 Crasso,
1343 1076 1346 1106 o

190 1141 224 1196 ut
238 1133 395 1214 digitorum
410 1130 603 1211 percussione
618 1132 703 1192 heres
718 1137 820 1211 posset
851 1101 1057 1210 cripilud'ds‘sln
1072 1127 1125 1206 qui
1140 1145 1253 1188 revera
1343 1116 1345 1125 '

190 1236 253 1281 uou
268 1219 459 1290 asseruere,
478 1217 509 1278 iu
523 1217 602 1289 soro,
622 1217 708 1279 crede
722 1216 809 1290 mibi,
824 1215 949 1277 saltaret.
979 1213 1077 1274 Homo
1093 1221 1194 1274 autem
1208 1213 1252 1275 iu·

190 1312 255 1368 stus
275 1305 480 1384 isque,·qoem
498 1302 643 1364 sentimus
662 1302 757 1364 virum
777 1303 905 1375 bouum,
927 1299 999 1362 uibii
1017 1299 1156 1379 cuiquam
1175 1299 1255 1380 quod

190 1391 222 1452 in
240 1409 273 1451 se
288 1385 451 1452 'bausierat
470 1387 610 1450 deuebet.
640 1387 704 1450 Hoc
722 1387 771 1468 qui
791 1387 963 1461 admiratur,
981 1385 1006 1446 is
1022 1383 1143 1464 sequid
1159 1385 1255 1447 sitair

138 1493 171 1544 aa
191 1477 289 1538 bonus
310 1475 424 1537 nescire
443 1475 573 1536 lateattu.
604 1474 738 1548 atvero,
759 1473 849 1553 siqui
864 1471 986 1534 voluerit
1000 1469 1092 1532 animi
1108 1471 1156 1532 sui
1172 1489 1254 1532 com·

191 1549 498 1642 plicatauffiouanem
518 1560 662 1634 evolvere,
682 1560 740 1621 iam
760 1559 870 1639 seipse
886 1558 988 1620 doceat
1003 1575 1071 1618 eum
1087 1555 1184 1618 virum
1198 1556 1254 1618 bo·

191 1665 262 1708 num
278 1665 352 1719 esse,
368 1646 417 1726 qui
432 1645 527 1726 prosit
542 1646 649 1726 quibus
664 1645 769 1726 possit,
782 1651 887 1706 noceat
900 1641 1011 1704 nemini
1025 1641 1085 1703 nisi
1100 1641 1254 1704 lacessitus

191 1732 304 1794 iniuria.
336 1731 414 1806 Quid
430 1728 524 1812 ergo?
554 1731 607 1792 flio
621 1749 681 1792 non
697 1738 814 1804 noceat,
834 1729 883 1810 qui
898 1729 1026 1810 quodam
1041 1726 1126 1808 quasi
1140 1746 1254 1790 veneno

79 1891 81 1899 Α
191 1819 323 1900 perficiat
336 1826 369 1878 ut
379 1835 465 1879 veros
480 1818 603 1879 heredes
614 1819 736 1890 inoueat,
751 1816 781 1878 iu
792 1834 896 1877 eorum
906 1815 1003 1876 locum
1016 1814 1082 1894 ipse
1093 1811 1254 1876 succedat?

192 1904 272 1966 ‘Nou
291 1903 380 1982 igitur
398 1902 495 1964 saciat'
517 1903 620 1964 dixerit
639 1903 704 1982 quis
725 1903 817 1981 ‘quod
833 1899 969 1973 adlusit,
989 1899 1069 1978 quod
1084 1896 1253 1978 expediatl'

191 1989 287 2051 Immo
307 1989 449 2066 intellegat
468 1988 540 2048 nibil
555 2006 610 2048 uec
623 1988 758 2068 expedire
771 2005 827 2048 nec
840 1985 910 2048 utile
924 2003 1003 2059 esse,
1023 1985 1106 2064 quod
1121 1985 1161 2046 sit
1174 1985 1252 2046 iuiu·
1349 2037 1350 2040 ,

140 2091 171 2140 ta
194 2083 281 2136 stum.
312 2072 376 2134 Hoc
390 2073 439 2152 qui
453 2091 515 2134 nou
530 2073 674 2145 didicerit,
694 2073 790 2135 bouus
810 2072 855 2133 vir
867 2090 932 2132 esse
946 2088 1009 2132 nou
1023 2071 1142 2151 poterit.
1172 2069 1252 2131 Fim-

192 2160 287 2222 briam
302 2159 485 2222 cousularem
501 2158 655 2220 audiebam
666 2159 702 2220 de
713 2165 796 2238 patre
806 2163 909 2219 nostro
921 2175 994 2236 puer
1004 2155 1133 2220 iudicem
1142 2153 1177 2217 Μ.
1188 2153 1251 2216 Lu·

229 2295 280 2381 19.
306 2331 433 2398 irrepere.-
457 2329 481 2378 iu
506 2330 561 2379 dem
584 2328 695 2380 Verbum
749 2313 826 2379 dotat.
852 2335 903 2393 top.
917 2309 982 2388 7,'31
1002 2328 1076 2377 nolio
1089 2327 1252 2376 eotinnlaet

192 2400 255 2462 liegt
275 2413 306 2448 au
328 2399 380 2448 sicb
401 2399 476 2448 scbou
498 2398 542 2448 das
560 2397 694 2447 Haimiicbe
737 2401 885 2465 *praecepta
895 2395 1132 2460 caquaaesannee
1143 2396 1254 2460 cogedlio

192 2468 242 2518 uad
254 2465 421 2530 Triigeriscbe
434 2467 478 2515 des
491 2465 665 2528 Eiudriugeus.
748 2465 908 2515 enodationis
918 2461 1044 2528 adgerio.

225 2535 326 2599 inisero
338 2561 370 2570 -
381 2533 497 2597 saltaret,
509 2548 538 2581 er
550 2534 636 2582 wiirde
649 2549 696 2583 vor
782 2536 874 2584 noceat
888 2533 985 2582 nerrdni
998 2533 1051 2582 nial
1061 2535 1125 2581 cet„-
1140 2527 1159 2593 Ι,
1174 2531 1197 2594 7,
1211 2530 1254 2580 20.
1348 2533 1350 2544 ⁴

192 2603 309 2654 Fraudeu
326 2601 366 2651 die
384 2599 593 2650 unsebicklicbste
611 2600 695 2650 Haud·
749 2600 802 2652 Aua
815 2601 871 2650 dem
880 2598 990 2650 Zusatue
1001 2601 1056 2650 nial
1066 2599 1201 2650 laecanius
1212 2599 1255 2649 in·

192 2670 383 2734 lungbegebeu.
409 2665 562 2732 vetula.
581 2667 590 2716 1
609 2667 694 2734 §.145
748 2672 816 2720 lurda
843 2668 888 2719 aui
915 2667 1017 2734 Ciceros
1050 2666 1192 2730 Ra'cbsucbt
1221 2681 1254 2716 aa

192 2741 218 2790 ei
229 2741 285 2804 qm'e
296 2735 697 2803 ensdrocantelautaipuaeel
749 2737 899 2800 aebliessen,
929 2737 991 2786 oder
1014 2736 1097 2786 seiuer
1119 2733 1254 2785 Moralitdt

192 2807 244 2858 alla
263 2821 360 2870 anagnu
378 2807 544 2874 peruersitas.
571 2819 616 2870 pro
629 2804 695 2854 Mar.
748 2803 949 2856 oiueuVorwuid
958 2821 991 2854 zu
1002 2805 1109 2864 macbeu,
1124 2801 1253 2852 wieVicie

192 2873 259 2937 6,13
282 2875 426 2939 omnesaue
437 2873 633 2936 callatoobrn'aa,
645 2874 697 2923 reici
748 2873 839 2936 gethae
856 2871 949 2936 baben,
972 2873 1007 2922 ist
1022 2869 1159 2933 ungerecbt
1194 2868 1251 2918 Der

184 2945 263 3009 forle
270 2943 454 3006 inauditaeque
465 2943 492 2989 in
505 2940 695 2992 solitudinem·
749 2939 844 2990 Zusatz
857 2939 906 2989 soll
918 2955 966 2989 nur
978 2941 1022 2990 das
1033 2937 1109 2989 uecta
1119 2935 1165 2984 der
1177 2934 1251 2987 ver-

192 3027 240 3078 pae
266 3013 293 3060 a'n
321 3011 433 3061 concleae
461 3007 593 3060 moderata
621 3013 696 3076 alque
748 3009 955 3072 tbeidigunguud
966 3009 1007 3058 dic
1015 3005 1129 3072 geraehte
1138 3002 1252 3068 Vergel-

192 3080 306 3131 lunesto.
748 3078 931 3140 tuugwabreo.
1139 3128 1141 3132 ,

226 3148 366 3198 sentimus:
389 3143 462 3209 1,34‚
477 3145 524 3195 115
543 3143 619 3195 talem
630 3144 695 3194 aele-
781 3159 888 3210 venena,
905 3142 1136 3204 durcb'Zauberei3
1159 3158 1197 3194 or.
1212 3141 1253 3205 37,

191 3230 250 3266 maa
274 3219 301 3265 el
325 3217 421 3266 rendre
449 3217 542 3266 bonum
566 3215 643 3263 datan
671 3216 697 3263 et
750 3207 1253 3278 129aubileaaaedileamst'bicenam's

192 3282 283 3335 diacre
748 3296 791 3331 ere
809 3283 1025 3332 tamenemoriam
1036 3279 1141 3330 diceret.

227 3351 384 3414 adanirmw,
407 3351 459 3401 sich
478 3346 643 3400 verwuudert.
668 3349 694 3399 S.
782 3295 823 3398 iel.
850 3349 875 3400 C.
892 3349 997 3400 Flendus
1009 3347 1137 3414 stultae,
1160 3345 1254 3398 Consul

192 3417 322 3484 11,15,56
342 3419 511 3471 adrniremur.
543 3417 696 3468 Ebeuso‘ist
748 3415 798 3466 650
813 3416 903 3483 (104),
924 3417 1011 3467 vaurde
1028 3417 1124 3466 iudam
1135 3415 1254 3466 Tumuite

192 3487 353 3539 admirabilia
369 3487 401 3538 im
418 3487 551 3538 tadelodeu
564 3486 695 3550 Siuuege-
748 3485 793 3534 des
811 3483 888 3535 Cinna
908 3486 1032 3549 getddtet.
1068 3483 1105 3534 Er
1126 3485 1255 3534 bekommt

192 3556 297 3608 breuebt
318 3557 348 3606 de
362 3556 412 3607 inv.
424 3554 442 3620 1,
458 3556 496 3621 15,
509 3554 549 3604 20.
692 3551 697 3560 ’
747 3551 803 3602 bier
824 3553 871 3602 deu
889 3553 1021 3604 beiuamau
1041 3553 1190 3604 conmleris
1211 3564 1255 3602 aar

128 3633 129 3638 ’
227 3623 267 3674 76.
292 3627 374 3676 aniani
391 3627 434 3675 sui
452 3623 629 3692 complicatam
649 3636 694 3671 no·
748 3619 963 3685 Untersebeidung
984 3637 1032 3671 vou
1051 3621 1107 3671 dem
1124 3620 1256 3672 Marianae

193 3694 287 3744 donem
310 3691 436 3744 evolverat
465 3691 632 3759 complicatae
649 3687 694 3738 be·
748 3687 866 3739 Fimbria.
894 3688 1201 3754 emolamentum
1218 3689 1257 3738 ecl

192 3762 279 3812 deutet
290 3761 323 3812 ir'u
336 3759 494 3825 Gegeusatze
507 3775 538 3808 zu
551 3755 694 3825 explicatus
748 3773 822 3822 aare,
834 3761 865 3808 al
874 3761 912 3809 ila
923 3758 1018 3822 mam,
1037 3757 1215 3823 mandentur,
1228 3771 1256 3806 a·

191 3828 455 3948 v⁰¹'Wl'¹'‘·⁰l¹'d¹l¹‘¹⁰l·'
477 3825 695 3946 §illidii
748 3823 1256 3946 ille'l‘kd'lw'lllmllllpffl

190 3913 287 4030 &23
294 3913 429 4017 122:pr
432 3913 621 4030 affluentiae
632 3909 693 4015 eatae·¹
744 3965 834 4028 gentio
857 3909 1037 4030 laniagnam
1047 3909 1258 4014 walemire
