2734 4478
515 227 574 280 LIB.
587 227 606 278 l.
634 227 704 281 CAP.
717 229 758 281 28.
772 227 812 280 29.
911 227 917 242 '
1153 231 1192 294 75

133 381 315 465 et'explanat
329 383 398 464 quid
413 379 575 446 laciendum
587 384 852 463 lugundunensem
878 383 921 445 lta
935 384 969 444 tlt
979 391 1012 445 ut
1021 383 1095 446 ratio
1107 403 1193 464 prae·

133 471 181 545 sit,
198 469 346 550 appetitus
359 469 547 549 obtemperet.
574 469 679 531 Omnis
692 477 789 532 autem
801 469 875 531 actio
886 487 987 532 vacare
1001 469 1087 532 debet
1100 477 1193 531 teme·
1212 469 1253 530 29

133 556 221 617 ritate
235 564 264 616 et
277 554 456 634 neglegentia
472 573 527 615 nec
546 573 615 615 vero
630 573 714 634 agere
734 555 902 636 quicquam,
922 555 1005 616 cuius
1020 573 1082 618 non
1097 555 1194 635 possit
1250 562 1253 568 '

134 659 254 702 oausam
266 639 449 720 probabilem
460 639 590 700 reddere.
617 636 696 702 llaec
707 648 752 702 est
763 640 841 702 enim
854 641 914 702 lere
926 639 1083 720 descriptio
1096 641 1194 703 officii.
1221 694 1224 700 .

119 725 326 786 'Efficiendum
348 733 445 786 autem
470 732 566 786 estut
591 727 736 804 appetitus
760 725 866 787 rationi
891 724 1049 788 oboediant
1072 736 1193 806 eamque
1216 733 1264 786 102

134 829 231 890 neque
245 817 434 890 praecurrant
448 827 503 870 nec
516 817 639 889 propter
656 811 801 891 pigritiam
817 819 867 872 aut
884 811 1030 890 ignaviam
1048 811 1194 886 deserant,

134 897 250 974 sintque
263 894 408 974 tranquilli
419 901 505 972 atque
517 894 598 955 omni
609 896 699 957 animi
710 895 929 976 perturbatione
941 903 1073 957 careant:
1090 915 1125 957 ex
1137 913 1194 976 quo

133 979 258 1042 elucebit
273 979 369 1040 omnis
385 979 549 1040 constantia
565 979 721 1060 omnisque
739 981 910 1043 moderatio.
940 981 1013 1042 Nam
1033 979 1084 1060 qui
1104 999 1195 1061 appe·
1225 1006 1227 1014 ¹

134 1065 206 1126 titus
220 1065 337 1142 longius
349 1071 507 1142 evagantur
518 1072 550 1136 et,
556 1073 704 1145 tamquam
723 1067 884 1128 exultantes
901 1065 962 1127 sive
978 1065 1122 1146 cupiendo
1134 1065 1195 1127 sive

133 1151 273 1229 fugiendo
283 1167 344 1210 non
356 1149 427 1210 satis
440 1167 457 1210 a
468 1148 582 1222 ratione
593 1152 763 1224 retinentur,
778 1151 798 1211 ii
810 1151 873 1212 sine
885 1151 974 1213 dubio
987 1152 1075 1212 finem
1087 1159 1115 1212 et
1126 1170 1194 1211 mo·

134 1236 379 1296 dumtranseunt.
405 1233 582 1314 Relinquunt
594 1236 672 1296 enim
684 1244 713 1297 et
721 1236 849 1298 abiciunt
859 1235 1073 1298 oboedientiam
1082 1253 1136 1297 neo
1146 1253 1195 1298 ra-

133 1319 207 1380 tioni
222 1327 340 1398 parent,
361 1319 407 1381 cui
423 1328 493 1382 sunt
508 1319 631 1382 subiecti
646 1321 707 1400 lege
722 1329 854 1382 naturae:
874 1341 890 1384 a
905 1319 1012 1400 quibus
1026 1339 1087 1382 non
1103 1321 1194 1381 modo

133 1403 223 1466 animi
235 1405 454 1483 perturbantur,
465 1405 516 1465 sed
530 1406 616 1465 etiam
628 1425 762 1486 corpora.
774 1407 854 1466 Licet
865 1424 917 1466 ora
928 1406 991 1483 ipsa
1003 1423 1124 1466 cernere
1135 1406 1195 1466 ira·
1279 1473 1280 1480 ,

133 1497 232 1550 torum
249 1497 299 1550 aut
313 1508 426 1562 eorum,
443 1488 492 1568 qui
507 1497 556 1550 aut
569 1488 687 1551 libidine
703 1490 795 1570 aliqua
811 1499 859 1551 aut
874 1497 953 1550 metu
969 1490 1110 1550 commoti
1126 1498 1196 1551 sunt
1281 1505 1283 1509 '

133 1581 182 1633 aut
190 1574 338 1654 voluptate
349 1573 439 1634 nimia
449 1574 589 1652 gestiunt:
602 1593 728 1653 quorum
742 1575 874 1636 omnium
885 1574 1195 1650 vultus‚vooes,motus

133 1665 284 1737 statusque
298 1665 457 1719 mutantur.
483 1660 526 1719 Ex
538 1658 643 1738 quibus
656 1659 724 1721 illud
736 1659 918 1737 intellegitur,
932 1667 965 1720 ut
979 1660 1016 1719 ad
1032 1659 1120 1721 officii
1130 1661 1193 1720 lor·
1217 1665 1264 1716 103

132 1761 210 1803 mam
222 1751 411 1816 revertamur,
417 1743 563 1822 appetitus
574 1761 677 1805 omnes
689 1745 905 1805 contrahendos
916 1743 1120 1823 sedandosque
1128 1763 1194 1806 esse

131 1827 372 1907 excitandamque
383 1827 669 1890 animadversionem
681 1835 709 1890 et
719 1829 905 1907 diligentiam,
916 1836 948 1889 ut
959 1845 995 1890 ne
1004 1830 1074 1908 quid
1084 1837 1194 1890 temere
1214 1897 1215 1900 Ἴ

131 1930 166 1972 ac
180 1911 319 1982 fortuito,
340 1912 554 1974 inconsiderato
568 1913 811 1993 neglegenterque
831 1931 959 1992 agamus.
994 1913 1093 1992 Neque
1113 1915 1193 1975 enim

131 1995 171 2056 ita
186 1997 313 2073 generati
329 2005 461 2058 enatura
478 2015 597 2070 eumue,
613 2006 646 2058 ut
660 1999 695 2060 ad
711 1999 812 2060 ludum
828 2006 856 2058 et
871 1998 969 2059 iocum
985 1997 1051 2059 lacti
1068 2018 1134 2060 esse
1148 2000 1193 2060 vi-

131 2079 263 2154 deamur,
280 2081 332 2142 sed
347 2082 382 2141 ad
398 2081 581 2142 severitatem
593 2083 692 2163 potius
708 2091 737 2144 et
751 2084 786 2144 ad
795 2083 942 2162 'quaedam
956 2083 1050 2144 studia
1062 2083 1193 2162 graviora

129 2172 217 2243 atque
231 2165 351 2226 maiora.
377 2167 460 2227 Ludo
476 2174 572 2227 autem
589 2174 617 2228 et
632 2167 698 2229 ioco
714 2169 756 2229 uti
770 2168 818 2228 illo
832 2167 949 2246 quidem
961 2167 1035 2242 licet,
1053 2169 1104 2230 sed
1119 2169 1195 2229 siout

130 2267 238 2310 somno
261 2257 289 2310 et
305 2251 451 2328 quietibus
473 2252 575 2312 ceteris
597 2259 674 2325 tum,
699 2271 766 2313 oum
788 2253 922 2330 gravibus
944 2253 1086 2334 seriisque
1105 2253 1194 2314 rebus

130 2333 387 2408 satisfecerimusf
399 2335 561 2414 Ipsumque¹
572 2354 663 2414 genus
685 2337 801 2398 iocandi
821 2354 882 2397 non
898 2335 1053 2414 profusum
1068 2356 1122 2397 nec
1137 2337 1193 2398 im-

129 2417 313 2488 modestum,
329 2417 379 2476 sed
394 2414 596 2494 ingenuiim'et
610 2421 734 2483 facetum
750 2441 815 2482 esse
826 2420 920 2482 debet.
948 2421 987 2482 Ut
1001 2422 1078 2482 enim
1093 2423 1193 2502 pueris

128 2519 192 2564 non
209 2517 332 2561 omnem
346 2501 464 2562 ludendi
478 2502 620 2566 licentiam
633 2508 748 2580 damus,
766 2507 817 2566 sed
832 2526 904 2578 eam,
920 2524 993 2584 quae
1004 2505 1040 2566 ab
1052 2505 1192 2568 honesta-

126 2587 167 2647 tis
184 2584 351 2647 actionibus
366 2601 428 2647 non
444 2587 481 2648 sit
496 2588 596 2663 aliena,
612 2591 655 2653 sic
669 2591 700 2652 in
714 2591 780 2672 ipso
796 2591 861 2652 ioco
875 2590 991 2669 aliquod
1007 2591 1093 2668 probi
1108 2591 1192 2670 inge·

126 2789 290 2839 bekanntlicb
312 2785 384 2838 Plato
403 2789 469 2854 (rep.
486 2789 520 2841 lV
532 2806 556 2856 p.
570 2789 633 2854 430)
686 2797 793 2861 propter
805 2795 981 2854 conecterem,
999 2807 1051 2842 was
1064 2794 1115 2844 alte
1128 2793 1193 2843 ller-

126 2853 226 2920 t'olgen,
247 2851 428 2938 ἡγεμονικόν,
446 2853 633 2921 διανοητικόν,
687 2860 811 2924 ausgeber
836 2859 999 2924 hinzugeliigt
1022 2861 1110 2911 baben.
1146 2861 1192 2912 llio

128 2925 159 2974 lo
182 2936 297 2986 ιστικον,
312 2919 448 2994 λογισμός
460 2933 577 2988 genennt.
687 2927 835 2978 Ausdriioke
857 2933 1040 2997 praecurrant,
1064 2929 1194 2993 deserunt,

160 2941 212 3044 49.
230 2995 328 3060 poerit.-
348 3007 394 3042 aus
406 2993 461 3042 dem
473 2993 635 3044 Abstractum
689 3001 831 3062 evagantur
843 3013 867 3046 u.
881 3012 900 3046 s.
915 3012 946 3046 u.
965 2998 1068 3060 zeigen,
1082 2998 1139 3046 dass
1153 2998 1193 3046 die

127 3062 196 3110 actio
214 3059 250 3109 ist
266 3059 343 3126 isqui
361 3068 419 3124 aget
435 3061 474 3111 als
487 3061 592 3126 Subjeot
603 3077 635 3112 zu
689 3063 781 3114 Triebe
798 3064 843 3114 mit
855 3063 953 3114 Rossen
969 3062 1113 3126 verglicben
1126 3079 1194 3112 wer-

129 3128 268 3191 ergiinzen,
293 3125 368 3178 Tuae.
380 3127 423 3190 lV,
436 3129 476 3194 35,
491 3129 524 3178 74
536 3133 573 3180 eie
583 3133 635 3196 igi-
689 3133 749 3194 den,
767 3132 806 3181 die
823 3147 872 3180 von
885 3132 929 3181 der
941 3129 1068 3190 Vernuull
1079 3132 1117 3181 als
1129 3129 1194 3182 Wa-

127 3199 174 3244 000
185 3195 287 3258 adfecto
302 3193 363 3244 baec
374 3193 516 3248 adhibenda
527 3202 633 3262 curado,
689 3199 827 3262 gonlenlrer
842 3197 938 3262 regiert
953 3199 1067 3264 werden,
1079 3200 1128 3249 -ein
1146 3200 1195 3250 seit
1241 3255 1246 3270 ⁸

130 3265 162 3310 ut
181 3263 205 3310 ei
223 3261 293 3325 illud,
317 3262 385 3327 qood
404 3266 497 3330 cupiat,
517 3267 636 3317 ostendat
689 3265 761 3318 Plato
776 3266 806 3325 (s.
818 3265 924 3316 Phaedr.
937 3283 961 3332 p.
974 3265 1024 3315 246
1037 3267 1065 3331 B)
1080 3268 1127 3316 den
1137 3265 1195 3316 Phi-

129 3343 208 3394 qoam
219 3327 270 3378 lene
282 3345 358 3395 quom
369 3331 580 3382 contemnendum
592 3337 633 3383 sit.
688 3334 809 3399 losopben
822 3334 881 3383 sehr
893 3333 1098 3396 gebriinoblicbes
1112 3334 1173 3384 llild.

128 3395 187 3459 Vgl.
201 3395 232 3446 de
245 3397 284 3446 oli.
297 3395 318 3460 l,
332 3396 379 3460 33,
396 3397 452 3447 121.
467 3397 506 3460 37,
523 3398 579 3449 134.
603 3399 632 3464 ll,
722 3401 770 3451 aad
785 3404 859 3450 etiam
876 3416 998 3468 corpora:
1022 3403 1065 3451 ein'
1076 3401 1194 3464 Zeugma,

130 3463 170 3526 11,
184 3462 226 3512 39.
250 3462 414 3528 111,29,107.
688 3471 752 3519 deun
764 3469 915 3536 parternum·
931 3469 996 3518 kann
1014 3471 1081 3518 nicht
1098 3469 1195 3532 cigent-

160 3530 227 3581 Hcec
239 3537 279 3582 eet
290 3560 322 3569 -
338 3532 423 3583 decem
442 3535 490 3584 tio.-
509 3529 635 3596 καθῆκόν
687 3536 736 3586 licb
745 3550 794 3586 von
805 3532 975 3599 donlilirpern
985 3543 1074 3600 gesagt
1083 3537 1193 3599 werdon,

128 3592 232 3650 ἐστινὸ
251 3597 382 3669 πραχθὲν
400 3597 516 3667 εὔλογον
529 3594 636 3649 o'molo-
687 3605 809 3654 vielmebr
822 3601 974 3667 detorqueri.

128 3667 193 3731 γίαν
206 3665 271 3733 ἔχει.
296 3666 354 3730 Vgl.
367 3667 434 3718 Einl.
447 3685 471 3718 n.
485 3685 507 3718 z.
520 3667 545 3734 ξ.
558 3668 582 3716 7.
710 3669 779 3720 003.
806 3671 1023 3738 officiisoennam,
1042 3673 1087 3721 den
1101 3672 1197 3735 Regrill

164 3733 219 3783 102.
226 3734 634 3812 praecurrentMiiglicberWei·
689 3738 733 3787 der
751 3737 847 3802 Pfliebt,
862 3737 886 3804 §2
903 3739 934 3788 14
946 3739 1070 3805 sormam
1085 3744 1111 3791 et
1128 3744 1194 3790 tcm-

129 3813 156 3848 se
166 3801 200 3850 ist
209 3816 249 3850 em
261 3803 317 3866 dem
327 3805 636 3871 proptorpigmtioment·
689 3807 868 3872 qammsaeiem
880 3807 983 3858 bonerii
992 3807 1071 3858 addes.
1087 3848 1090 3853 .

129 3864 401 3934 spreobeuder'llegriff
409 3869 573 3935 ansgefallen,
586 3871 635 3922 wie
722 3876 860 3938 quietibus.-
873 3889 893 3924 s.
906 3891 929 3924 z.
943 3873 967 3941 ᾗ.
983 3875 1023 3925 78.
