2774 4482
200 301 240 363 32
627 295 828 383 uuurrluns

132 496 140 508 .
200 455 252 527 sit,
279 460 308 514 et
330 470 404 532 quoe
424 458 493 514 suut
510 449 625 530 generis
645 449 786 513 eiusdem.
820 451 956 524 Quorum
976 449 1073 514 eutem
1092 451 1264 514 ollioioruru

195 544 354 619 praecepta
365 536 528 608 traduntur,
543 553 576 595 ea
591 553 770 614 quemquem
783 535 932 616 pertinent
946 536 982 596 ed
997 537 1088 616 finem
1102 535 1263 612 bonorum,

200 631 298 686 temen
313 621 412 683 minus
427 621 458 682 id
470 627 601 700 apparet,
617 620 684 700 quia
698 619 793 698 magis
808 620 845 682 ad
859 617 1074 682 institutionem
1088 620 1162 683 vitae
1177 641 1263 684 oom-

200 707 298 770 munis
314 713 444 786 spectare
459 705 608 767 videntur:
625 704 660 766 de
676 705 782 786 quibus
798 714 843 767 est
856 705 944 768 nohis
958 706 1005 767 his
1020 705 1102 768 libris
1113 707 1264 786 explican-

153 803 179 866 Ι8
200 794 282 856 dum.
310 793 416 870 [Atque
428 790 515 852 etiam
526 789 580 851 alia
591 789 694 852 divisio
706 799 752 852 est
763 790 870 868 officiii.
895 791 971 852 llam
983 798 1012 852 ot
1023 791 1155 854 medium
1166 793 1266 872 quod·

201 880 269 940 dam
289 877 419 938 officium
437 875 542 936 dieitur
558 881 591 934 et
610 877 781 954 perlectum.
811 877 978 938 Perfectum
994 876 1124 938 olfioium
1138 885 1263 952 reolum,

201 963 318 1042 opinor,
332 978 480 1034 uocemue,
496 959 636 1040 quoniam
648 959 749 1022 Greeoi
762 954 979 1045 novioduno,
991 962 1050 1022 hoo
1065 969 1164 1024 autem
1179 981 1264 1024 oom-

201 1065 292 1108 muue
309 1045 437 1107 offioium
452 1041 602 1128 καθῆκον
616 1054 730 1108 vocant.
761 1047 854 1124 Atque
869 1066 903 1108 oa
918 1046 961 1107 sio
976 1047 1126 1120 deliniunt,
1141 1054 1183 1120 ut,
1199 1066 1282 1122 reos

203 1139 266 1194 tum
278 1130 358 1210 qnod
371 1131 417 1204 sit,
429 1130 458 1191 id
470 1130 601 1191 olfioium
611 1132 774 1209 perfeetum
786 1150 851 1192 esse
862 1130 1010 1205 definient,
1022 1132 1265 1194 mediumoutem

204 1216 334 1278 olfioium
349 1216 379 1278 id
395 1235 460 1276 esse
471 1215 579 1288 dieunt,
596 1217 674 1295 quod
688 1235 740 1278 eur
751 1216 860 1278 lectum
871 1217 910 1278 sit
921 1217 995 1280 ratio
1008 1216 1169 1296 probabilis
1181 1217 1265 1280 reddi

167 1309 182 1359 9
203 1301 323 1380 possit]
357 1299 476 1378 Triplex
489 1299 578 1378 igitur
592 1307 650 1374 est,
664 1308 698 1364 ut
711 1301 850 1364 Panaetio
865 1301 986 1376 videtur,
1002 1301 1117 1362 consilii
1132 1303 1266 1381 capiendi

202 1385 378 1448 deliberatio.
408 1385 482 1446 Nam
497 1381 546 1446 odt
560 1386 757 1449 honestumne
772 1388 850 1450 laetu
865 1387 903 1448 sit
918 1405 955 1448 en
971 1387 1219 1476 turpeduhitant,
1234 1387 1265 1448 id

201 1570 705 1635 eul'dleseDingebeziigliohenPfliehten

203 1639 295 1704 (media
307 1640 403 1707 effide)
415 1638 503 1703 geben.

236 1707 260 1756 8.
277 1706 361 1758 Ueher
372 1700 502 1774 κατόρθω
526 1723 544 1756 α
556 1707 606 1756 und
616 1705 706 1770 καθῆ-

224 1791 257 1827 ον
269 1790 290 1824 e.
302 1775 369 1825 lliul.
393 1774 498 1837 Obgleio
526 1774 581 1823 eine
591 1774 705 1824 Entwilr-

201 1793 295 1906 ierung
304 1843 387 1892 dieser
396 1841 504 1906 Begrilfe
513 1842 705 1893 hieromPlutze

201 1911 283 1976 wilre,
299 1911 400 1961 milssen
415 1910 463 1960 wir
475 1909 538 1960 doeh
548 1910 598 1959 den
608 1925 706 1973 gunzen

201 1979 335 2044 folgenden
344 1977 369 2044 ξ.
377 1978 419 2028 fiir
427 1977 642 2040 untergesehoben
651 1977 706 2027 hul·

204 2054 253 2098 ton.
283 2047 353 2096 Denn
376 2047 399 2110 1)
419 2045 487 2096 wilre
510 2060 537 2094 es
559 2045 705 2107 sonderber,

203 2130 276 2164 weun
290 2113 340 2164 Clo.
352 2112 393 2177 lll,
408 2112 437 2174 3,
453 2112 492 2176 14,
502 2127 541 2162 wo
554 2129 583 2162 er
595 2113 706 2164 dieselbe

201 2182 418 2245 Uutersolreidung
429 2181 568 2246 bespriolrt,
585 2180 654 2230 niolrt
665 2179 710 2230 uuf

202 2251 271 2301 dlese
284 2249 363 2300 Stelle
375 2250 460 2312 Bezug
471 2263 617 2312 genommen
628 2249 708 2299 hlitte.

201 2319 226 2383 2)
241 2319 358 2369 schliesst
370 2317 423 2368 sich
435 2316 460 2382 ᾗ.
471 2317 487 2366 9
500 2331 591 2380 engen
607 2314 631 2382 ξ.
644 2316 658 2364 7
676 2316 708 2367 do

202 2391 292 2454 quibus
309 2391 350 2436 est
359 2387 432 2438 nobie
444 2385 484 2436 irie
496 2384 567 2436 lidrtr
579 2385 709 2452 explican-

202 2455 265 2506 dum
277 2470 316 2504 en.
340 2453 363 2515 3)
377 2455 412 2504 ist
424 2454 468 2504 des
481 2451 567 2502 Genze
580 2453 635 2503 eine
648 2468 708 2502 ver-

202 2537 318 2572 worrene
340 2522 390 2571 und
406 2521 585 2584 ungesohiolrte
602 2519 708 2570 Zusum·

202 2589 371 2652 urenetellung
383 2603 428 2638 uus
441 2587 480 2654 lll,
493 2586 517 2651 3,
533 2587 563 2637 14
580 2589 630 2637 und
642 2589 708 2638 viel-

203 2659 280 2709 leioht
291 2658 321 2707 de
333 2656 423 2706 finibus
432 2655 517 2720 lll,l'l,
526 2654 557 2704 58
567 2645 709 2714 iterantem

204 2727 330 2794 ruffinum,
353 2724 421 2791 quod
440 2727 478 2774 ite
489 2725 594 2789 sactum
610 2728 662 2788 eet,
679 2727 710 2774 ut

203 2795 336 2860 eircesaoti
343 2793 482 2862 probabilis
494 2794 561 2844 ratio
570 2791 644 2843 reddi
649 2809 710 2861 poo-

204 2865 245 2928 er‘t,
256 2879 291 2912 ex
299 2877 347 2928 quo
356 2861 514 2926 intellegitur
527 2862 644 2926 officium
655 2877 709 2910 me-

203 2931 275 2982 dium
290 2929 417 2997 quoddam
429 2945 497 2992 erse,
515 2928 583 2994 quod
592 2945 672 2994 neque
683 2933 710 2979 in

204 2999 277 3050 donis
285 3002 407 3066 portatur,
417 2998 708 3116 nejuet’noontrare'io—

204 3070 323 3133 quereiam
340 3068 407 3116 enim
422 3067 448 3115 oi
463 3079 548 3128 mnus,
566 3081 623 3114 esre
639 3065 709 3132 quid-

203 3135 272 3199 dam,
285 3135 353 3200 quod
363 3135 539 3200 reetesaotum
547 3133 709 3200 appellentes,

203 3203 232 3254 id
239 3203 527 3270 meternertperseotum
536 3203 708 3268 qffim'umoot.

205 3270 281 3322 Auolr
292 3271 331 3321 bei
348 3271 393 3320 der
408 3273 526 3334 grlissten
539 3267 710 3334 Fluentigkeit

204 3340 292 3388 wiirde
312 3338 400 3388 Cicero
420 3338 491 3400 nieht
509 3353 537 3388 so
555 3337 646 3387 unlrlur
664 3354 708 3402 ge-

98 3446 108 3460 .
204 3407 334 3458 selirlebeu
348 3406 434 3456 huben.

163 3523 165 3530 ,
238 3474 710 3540 leue:muuerwurtete'llud,auehweun

204 3544 252 3594 leue
261 3550 361 3606 gosetzt
370 3543 424 3594 sein
434 3543 518 3607 sollte,
528 3543 710 3593 weilduseom·

204 3627 281 3662 mune
291 3611 407 3676 officium
417 3612 461 3662 dus
472 3611 497 3660 in
503 3611 590 3662 diesen
596 3611 709 3660 Biiehern

206 3697 237 3730 zu
250 3679 420 3729 behandelude
433 3679 474 3742 ist,
491 3680 579 3729 wiirdo
592 3679 632 3729 die
645 3677 711 3727 Aus-

205 3747 376 3798 druolrsweise
406 3747 611 3798 unverst'rindlioh
640 3745 708 3806 uein3

206 3815 323 3865 iiberdies
334 3814 397 3866 fehlt
409 3815 534 3879 καθῆκον
543 3815 569 3865 in
578 3816 626 3865 den
636 3813 709 3863 Hdss.

205 3881 710 4016 intereluderentur.

759 1573 834 1622 nieht.
852 1571 1046 1622 uernusuruek
1058 1573 1269 1624 soheiutausder

759 1639 894 1690 Definition
902 1637 945 1704 lll,
951 1638 975 1701 3,
985 1640 1015 1689 14
1021 1655 1167 1704 genommen
1172 1658 1206 1690 zu
1211 1641 1267 1692 sein

759 1709 810 1758 und
820 1708 898 1757 findet
906 1707 959 1757 siolr
968 1707 1061 1757 ebeuso
1070 1708 1173 1758 beidem
1182 1709 1265 1773 Naohf

759 1775 953 1826 ahmerCleeros
959 1775 1107 1826 Ambrosius
1118 1777 1149 1826 de
1157 1776 1266 1828 officlor.

759 1843 803 1905 111,
817 1842 832 1891 2
850 1843 990 1894 eeomtdum
1006 1847 1047 1893 eet
1058 1859 1192 1896 omnemne
1206 1846 1268 1912 offi-

760 1913 834 1976 edunt,
851 1909 920 1976 quod
934 1913 993 1979 ipso
1004 1927 1124 1962 rerumne
1134 1913 1268 1980 regonffioa-
1283 1965 1287 1970 ,

761 1984 804 2030 tur
813 1978 932 2047 pluribus
945 1995 1002 2029 esee
1013 1994 1154 2032 oommune.

794 2048 832 2097 ric
861 2046 998 2112 definiunt,
1026 2052 1058 2098 ut
1078 2075 1112 2084 —
1135 2047 1266 2114 definiant.

760 2114 895 2165 Aehnliolre
919 2113 1174 2180 Weitsoltweiligkeit
1190 2116 1270 2169 findet

762 2182 1194 2245 slohzwurlr‘dufigiuDelinltionen:
1207 2185 1269 2234 abor

761 2266 834 2300 wenn
852 2250 904 2300 Cio.
921 2248 946 2315 ξ.
958 2249 990 2298 96
1004 2259 1072 2315 sugt:
1089 2267 1145 2302 eam
1157 2255 1194 2302 oie
1206 2251 1279 2318 defi-⁶

761 2321 842 2384 olunt,
855 2323 887 2368 ut
896 2345 930 2354 —
942 2318 1019 2369 velint
1032 2335 1100 2384 erse,
1119 2320 1179 2370 oder
1189 2318 1228 2380 lll,
1243 2319 1266 2380 4,

763 2385 795 2436 20
805 2385 994 2452 licentiorem,
1004 2392 1035 2437 ot
1041 2387 1121 2452 liceat,
1132 2386 1267 2436 soistdoolr

762 2453 806 2504 des
819 2455 883 2504 noch
892 2461 972 2504 etwas
983 2469 1045 2518 gunz
1055 2455 1178 2505 Anderes.
1191 2453 1268 2504 Diese

762 2521 898 2573 Definition
907 2522 941 2572 ist
949 2522 1030 2572 nieles
1039 2522 1269 2574 ulseineWioder-

762 2589 854 2653 holong
870 2591 917 2640 der
932 2589 995 2640 eleon
1012 2590 1158 2654 gegebenen
1170 2589 1271 2642 Ueber·

763 2665 870 2721 setzung
884 2659 1029 2727 perfectum
1041 2657 1157 2722 efficerem
1168 2663 1271 2710 rectum

762 2741 890 2778 ouem-ue.
1105 2749 1107 2756 r

798 2795 865 2860 quod
875 2794 1031 2860 eursaotum
1042 2793 1163 2853 eit‚rotio
1192 2795 1270 2843 roba-

763 2861 819 2912 de'lio
834 2862 910 2913 redde·
920 2862 1014 2930 poerit.
1041 2858 1157 2910 Dieselbe
1169 2807 1269 2910 deuni-

762 2931 964 2984 tion„bruuohen
985 2930 1025 2980 die
1047 2927 1147 2978 Stoilrer
1167 2926 1209 2978 fur
1227 2927 1268 2978 dle

762 2995 851 3048 Ptlielrt
862 2998 895 3048 im
907 2997 1079 3060 Allgemeineu
1092 2997 1122 3058 (s.
1135 2997 1180 3060 0,).
1198 2995 1271 3046 Doeh

763 3067 828 3116 liisst
848 3066 885 3116 sie
907 3067 959 3115 sielr
981 3067 1044 3116 unuh
1059 3064 1104 3116 aul
1118 3065 1162 3114 dus
1204 3063 1271 3130 ἐσον

763 3135 889 3198 καθῆκον
897 3135 1044 3199 enwonden,
1057 3134 1105 3182 wie
1115 3132 1155 3182 die
1188 3132 1271 3183 toiker

762 3202 846 3266 hdulig
874 3209 949 3251 untur
978 3203 1106 3269 efficiere,
1144 3201 1272 3264 καθῆκον

763 3271 916 3321 sohleohtlrin
926 3270 971 3320 (lus
975 3269 1066 3339 μέσον
1076 3269 1202 3334 καθῆκον
1212 3283 1273 3318 ver-

762 3339 861 3388 stelen.
871 3335 1271 3398 DerwesentliolroUntersolried‚

763 3405 808 3456 der
821 3403 895 3456 theils
905 3406 930 3455 in
940 3406 985 3455 der
995 3405 1097 3456 blossen
1108 3403 1273 3456 Gesetzru'eis-

764 3473 1137 3538 siglreitsolelrerllandlungen
1147 3472 1273 3534 tlroilsvdu-

765 3541 918 3604 rinbosteht,
929 3542 1038 3592 desudes
1049 3539 1273 3610 μέσονκαθῆκον

765 3610 815 3660 siolr
831 3625 877 3659 nur
890 3607 936 3658 auf
945 3609 986 3658 die
1001 3610 1123 3659 {iusseren
1133 3608 1213 3671 Dioge
1222 3607 1272 3656 wie

764 3677 838 3741 Eure,
852 3676 999 3728 Reiehthum
1012 3695 1035 3728 u.
1043 3693 1062 3727 s.
1069 3693 1103 3726 w,
1115 3676 1224 3739 bezieht,
1237 3674 1272 3724 ist

764 3747 841 3795 duruit
858 3743 956 3795 lrelliolr
974 3746 1044 3796 nieht
1056 3743 1271 3808 hervorgeholieu.

798 3813 821 3862 9.
834 3811 970 3865 Numuut:
983 3820 1046 3864 stult
1055 3813 1099 3862 des
1109 3811 1218 3862 zweiten
1227 3813 1275 3860 aut

763 3880 828 3946 lolgt
845 3885 1002 3932 trementem
1019 3881 1070 3930 und
1085 3880 1149 3930 dunn
1168 3881 1275 3930 lulium

764 3955 849 4000 autem
869 3967 965 4016 gentes,
987 3947 1149 4012 dergleiohen
1170 3945 1273 3996 Abwei-
