2718 4484
475 303 588 382 unm.
617 305 726 357 cano.
741 305 780 356 ro.
842 299 845 304 ’
1102 309 1162 384 lat

95 459 189 520 litatis
210 458 321 538 specie,
347 475 421 531 non,
443 477 511 520 cum
530 459 588 520 hoc
608 459 794 534 deliberetur,
814 460 1040 540 relinquendane
1053 461 1093 522 sit
1106 461 1163 521 ho-

95 553 201 606 nestas
212 551 335 623 propter
346 543 473 605 utilitatis
486 544 716 624 magnitudinem
731 579 772 590 -
786 563 855 606 nam
871 546 900 607 id
916 545 1033 626 quidem
1047 547 1162 626 impro·
1227 573 1246 613 u

95 630 173 691 bum
187 637 231 690 est
241 665 296 702 —‚
314 629 363 690 sed
379 630 461 703 illud,
476 625 616 722 possitne
624 631 666 705 id,
683 631 762 711 quod
778 631 846 692 utile
861 630 1003 708 videatur,
1024 632 1085 693 lieri
1100 649 1163 692 non
1188 679 1197 694 η

95 715 234 794 turpiter.
279 715 352 776 Cum
372 713 513 777 Collatino
540 714 664 794 collegae
683 717 791 778 Brutus
820 716 976 797 imperium
996 717 1161 796 abrogabat,

96 808 216 880 poterat
230 799 321 862 videri
336 801 430 861 lacere
444 800 473 860 id
485 798 604 862 iniuste:
620 804 713 862 fuerat
724 801 843 864 enimin
855 803 973 881 regibus
986 803 1163 882 expellendis
1182 777 1203 859 l
1249 851 1253 862 .

97 885 201 948 socius
213 885 294 947 Bruti
311 885 504 947 consiliorum
518 893 547 946 et
562 886 684 948 adiutor.
727 887 799 948 Cum
820 896 916 950 autem
936 888 1090 956 consilium
1105 889 1164 949 hoc

97 971 250 1051 principes
268 971 427 1050 cepissent,
443 971 647 1050 cognationem
663 971 788 1050 Superbi
802 971 970 1054 nomenque
986 973 1161 1052 Tarquinio-
1226 1015 1253 1056 ‘.

97 1075 167 1118 rum
183 1064 212 1117 et
226 1055 400 1118 memoriam
416 1058 498 1135 regni
513 1076 578 1118 esse
592 1057 764 1133 tollendam3
780 1059 859 1138 quod
875 1069 935 1120 erat
949 1057 1032 1133 utile,
1053 1059 1163 1138 patriae

99 1141 269 1216 consulere,
294 1141 323 1202 id
344 1148 406 1202 erat
426 1141 464 1202 ita
479 1143 650 1217 honestum,
670 1151 703 1205 ut
718 1144 803 1205 etiam
819 1143 1034 1224 ipsi'Collatino
1049 1144 1163 1224 placere

99 1227 229 1290 deberet.
250 1227 350 1306 ltaque
367 1226 476 1290 utilitas
493 1227 581 1290 valuit
595 1236 717 1308 propter
736 1229 935 1304 honestatem,
955 1229 1018 1290 sine
1045 1248 1102 1309 qua
1126 1247 1163 1289 ne

98 1310 210 1374 utilitas
236 1311 353 1392 quidem
368 1331 432 1374 esse
447 1313 603 1393 potuisset.
636 1315 673 1375 At
691 1314 722 1374 in
743 1333 778 1375 eo
798 1333 880 1394 rege,
897 1315 945 1394 qui
965 1315 1068 1376 urbem
1089 1332 1161 1375 con·

99 1398 187 1473 didit,
213 1417 275 1462 non
299 1399 378 1460 item.
402 1399 520 1479 Species
545 1399 624 1460 enim
648 1399 778 1461 utilitatis
805 1401 934 1461 animum
954 1400 1066 1480 pepulit
1084 1400 1161 1460 cius:
1182 1407 1212 1456 41

100 1485 147 1546 cui
162 1503 231 1546 cum
246 1483 342 1546 visum
357 1492 435 1546 esset
450 1483 547 1545 utilius
559 1484 655 1545 solum
670 1503 758 1564 quam
770 1504 837 1546 cum
853 1485 942 1546 altero
958 1503 1087 1564 mgnare,
1103 1486 1162 1546 fra-

98 1578 174 1630 trem
194 1569 348 1632 interemit.
386 1569 492 1630 Omisit
509 1569 558 1630 bio
576 1578 604 1631 et
622 1570 758 1650 pietatem
778 1578 805 1631 et
828 1570 1050 1644 humanitatem,
1071 1579 1103 1631 ut
1121 1567 1160 1643 id,

99 1655 181 1736 quod
196 1654 266 1717 utile
282 1655 431 1716 videbatur
445 1657 540 1735 neque
555 1663 628 1730 erat,
648 1656 766 1736 assequi
786 1664 900 1735 posset,
920 1663 949 1717 ct
967 1664 1072 1717 tamen
1084 1655 1161 1716 muri

99 1759 220 1803 causam
240 1740 394 1820 opposuit,
414 1740 541 1820 speciem
560 1741 723 1804 honestatis
743 1758 798 1802 nec
817 1740 998 1821 probabilem
1018 1760 1072 1802 nec
1090 1759 1160 1802 sane

98 1827 278 1906 idoneam>t
288 1825 419 1888 Peccavit
433 1825 533 1904 igitur,
553 1844 624 1905 paee
642 1827 685 1888 vel
701 1825 815 1900 Quirini
834 1827 879 1888 vel
894 1825 1012 1887 Romuli
1028 1826 1159 1888 dixerim.

99 1911 158 1973 Nec
176 1912 277 1973 tamc‘n
295 1919 414 1984 nostrae
433 1911 520 1972 nobis
540 1910 675 1972 utilitates
692 1912 868 1973 omittendae
882 1919 951 1972 sunt
965 1912 1084 1991 aliisque
1099 1920 1160 1973 tra·
1181 1924 1214 1974 42

99 1996 222 2071 dandae,
239 1996 362 2058 cumbis
374 1995 431 2076 ipsi
446 2015 593 2075 egeamus
604 1997 655 2058 sed
672 2015 741 2058 suae
751 1997 855 2077 cuique
869 1997 991 2070 utilitati,
1003 1998 1082 2076 quod
1098 1997 1161 2059 sine

99 2083 219 2144 alterius
235 2081 340 2142 iniuria
354 2082 412 2156 frat,
431 2081 617 2143 serviendum
632 2090 685 2143 est.
711 2082 789 2144 Seite
804 2082 994 2162 Chrysippus,
1010 2091 1043 2144 ut
1057 2083 1161 2144 multa:

71 2213 73 2218 -
101 2166 157 2240 Qui
169 2167 306 2242 stadium,
321 2166 425 2246 inquit,
438 2166 528 2230 currit
538 2166 607 2228 eniti
618 2175 646 2228 et
655 2167 830 2230 contendere
842 2168 926 2229 debet
937 2180 1024 2248 quarn
1035 2167 1162 2229 maxime

100 2253 199 2333 possit
212 2261 245 2314 ut
259 2252 363 2325 vincat,
380 2252 567 2332 supplantare
581 2271 657 2327 eum,
668 2253 786 2332 quicum
796 2259 894 2326 certet,
905 2262 953 2314 aut
963 2270 1051 2312 manu
1061 2253 1160 2332 depel-

100 2339 158 2400 lere
179 2338 260 2399 nullo
281 2339 372 2400 modo
395 2337 499 2398 debet:
527 2337 569 2398 sic
592 2337 622 2398 in
645 2337 702 2398 vita
721 2337 777 2397 sibi
798 2355 942 2416 quemque
961 2344 1060 2416 petere
1080 2337 1161 2416 quod

101 2423 245 2503 pertineat
259 2422 295 2484 ad
309 2433 398 2485 usum
413 2439 473 2484 non
489 2422 622 2502 iniquum
638 2431 696 2495 est,
718 2421 800 2483 alteri
820 2421 953 2500 deripere
968 2415 1012 2482 ius
1029 2439 1091 2481 non
1107 2431 1160 2482 est.

186 2507 309 2570 Maxime
320 2510 417 2569 autem
428 2507 738 2587 perturbanturollioia
749 2507 779 2566 in
789 2505 934 2580 amicitiis,
945 2505 1050 2586 quibus
1061 2514 1162 2567 etnon
1181 2516 1214 2566 43

101 2594 230 2656 tribuere
239 2594 317 2672 quod
332 2601 409 2654 recte
423 2593 521 2673 possis
538 2601 566 2652 et
579 2592 705 2654 tribuere
716 2591 795 2672 quod
806 2610 867 2652 non
877 2591 915 2654 sit
923 2589 1048 2670 aequum
1061 2599 1162 2671 contra

103 2680 232 2741 officium
247 2686 301 2741 est.
329 2679 386 2740 Sed
401 2677 488 2740 buius
504 2678 617 2758 generis
632 2679 722 2740 totius
738 2678 824 2739 breve
836 2685 864 2738 et
875 2695 936 2738 non
948 2675 1064 2738 dilficile
1075 2696 1161 2756 prae-

139 2815 261 2870 comana
282 2816 392 2883 collegae
409 2817 526 2868 bantus:
550 2815 605 2866 Liv.
660 2811 1030 2876 surbumdl.143‚1(208).
1060 2811 1097 2863 Er
1113 2813 1161 2864 bil-

104 2883 137 2950 u,
154 2884 179 2936 2.
660 2885 717 2934 dete
727 2883 771 2933 das
782 2882 891 2932 stoische
902 2879 1011 2948 system,
1021 2897 1069 2931 vor
1078 2879 1162 2932 Allem

136 2956 164 3004 in
181 2955 286 3018 rogitate
306 2951 475 3021 empedeadis,
500 2951 540 3001 bei
561 2952 606 3000 der
659 2952 699 3001 die
714 2950 855 3013 Dialektil‚
878 2965 905 2999 so
923 2965 981 3014 aus,
1003 2950 1107 3014 dassen
1123 2950 1161 3000 als

102 3019 606 3084 VertreihuegderkdniglichenFamilie.
660 3021 706 3069 der
718 3019 809 3070 zweite
822 3017 939 3069 Griinder
950 3019 996 3068 der
1008 3017 1099 3068 Sohule
1117 3033 1161 3068 an·
1235 3063 1237 3069 ,

136 3089 178 3139 41.
205 3091 275 3140 muri
288 3103 392 3140 emmam
410 3091 535 3156 opposuit.
571 3087 608 3138 Er
660 3089 768 3150 genehen
783 3087 856 3137 wird.

104 3158 176 3208 nabin
188 3157 228 3207 die
241 3157 397 3210 Mauerznm
410 3155 561 3208 Vorwaude.
573 3181 607 3191 -
695 3155 808 3207 etodium
819 3157 907 3206 currit.
924 3153 969 3204 Die
975 3153 1055 3204 Stella
1066 3154 1162 3204 scbcint

101 3225 242 3292 probabilis
255 3227 290 3276 ist
304 3227 366 3276 auch
380 3225 435 3274 bier
447 3225 491 3274 mit
510 3222 606 3273 ‘wahr-
660 3224 776 3274 wdrtlich
786 3224 892 3274 eusdem
899 3221 1076 3272 Grieehischen
1086 3223 1161 3272 iiber-

104 3293 247 3358 sebeinlicb‚
260 3291 391 3358 glaublich'
403 3309 434 3342 zu
444 3293 604 3342 iibersetzen.
661 3297 740 3354 setzt,
763 3293 811 3342 und
824 3291 933 3341 dadnrch
946 3290 979 3340 ist
991 3290 1061 3340 dicsc
1078 3291 1104 3340 in
1117 3290 1163 3340 der

134 3355 199 3429 paee
209 3361 249 3412 eei
261 3361 363 3424 Ωιιίήηί
373 3361 412 3412 cel
422 3361 536 3412 henou.-
549 3361 606 3410 eiue
660 3358 1163 3420 lateinischenProsasonstungehr'auch-

105 3427 339 3494 Geringschiitzung
362 3430 408 3478 der
430 3429 605 3491 Vollrsgiitter,
660 3428 725 3477 lichc
742 3427 905 3489 Verbindung
921 3427 966 3476 des
987 3420 1163 3476 intransitiven

105 3498 152 3546 wie
173 3499 209 3548 sie
223 3498 273 3548 Cic.
291 3497 423 3561 best'aiudig
440 3511 471 3546 an
489 3497 537 3546 deu
553 3495 607 3560 Tag
660 3495 784 3546 Verbums
800 3495 845 3545 mit
857 3495 912 3544 dem
923 3493 1058 3544 Accusativ
1074 3509 1106 3542 zu
1123 3509 1164 3543 er-
1225 3518 1230 3524 ·

104 3565 162 3629 legt.
196 3565 316 3617 Romulus
338 3565 428 3616 erbielt
448 3564 607 3615 belanntlich
661 3563 758 3614 ldiiren.
775 3563 833 3627 Vgl.
846 3563 885 3612 die
896 3561 1081 3612 ebeufallsdem
1088 3560 1163 3611 Grie-

105 3641 179 3684 enter
206 3635 263 3684 dem
280 3634 375 3686 Namen
397 3632 515 3698 Quirinus
539 3635 609 3695 gdtt·
663 3633 778 3682 chisehen
791 3629 1067 3692 nachgebildeteStelle
1081 3629 1161 3679 delia.

105 3701 168 3752 bebo
180 3702 275 3752 Ehren.
662 3698 691 3764 ΙΙ,
705 3699 744 3766 34,
760 3699 807 3749 112
822 3697 924 3750 Xerxes
937 3713 994 3748 eune
1005 3697 1163 3764 Hellesponto

137 3769 189 3833 42„
204 3771 273 3838 quod
282 3771 381 3838 -fiot,
395 3768 485 3820 soweit
497 3769 551 3818 dies
563 3783 608 3832 ge·
661 3773 758 3834 iuncto,
771 3769 878 3818 'Athone
893 3768 1015 3836 perfosso
1026 3781 1098 3816 mare
1109 3781 1164 3815 am-

107 3839 211 3889 schehcn
223 3839 298 3890 kann.
662 3836 807 3902 dormisset,
821 3840 917 3886 terram
927 3837 1083 3900 aaadgasset.

139 3904 299 3977 Chrysippus
314 3921 360 3957 aus
378 3905 444 3969 Soli,
466 3905 511 3953 der
531 3905 607 3970 dritta
695 3903 906 3973 snppdaatare=
921 3903 1164 3969 pedemsupponerc‚

107 3972 246 4026 Vorsteher
275 3975 321 4026 dor
337 3973 477 4026 'stoisebeu
509 3971 607 4044 Sohnle,
662 3967 861 4031 ὑποσκελίζειν.

158 4057 206 4106 cie.
214 4058 243 4102 de
252 4058 313 4102 oilie.
931 4056 962 4110 12

1220 628 1232 652 pl

1199 665 1224 729 e
