2774 4482
544 265 641 318 nin-l.
669 265 739 320 cll.
754 265 794 320 tfi.
808 265 847 315 16.
1190 267 1230 330 53

170 421 301 502 quadam
315 419 400 500 qnasi
414 427 501 482 vento
517 419 629 500 impetu
643 419 734 483 enimi
754 419 876 482 imitati:
898 437 972 500 quae
981 419 1126 484 beneficia
1141 437 1232 500 aeque

168 523 351 586 magnanon
366 505 578 569 santhabeada
589 513 676 585 atque
688 524 729 580 ea,
741 523 818 585 ‘qnae
828 505 945 580 indicio,
961 505 1147 568 considerate
1158 522 1232 569 cnu-

167 601 336 670 stanterque
355 590 448 651 delata
468 598 546 653 sunt.
576 590 636 654 Sed
654 591 685 652 in
705 590 875 654 collocando
896 590 1036 654 beneficio
1056 597 1086 652 et
1104 590 1137 652 in
1155 591 1231 659 rele-

166 679 258 739 remia
273 675 371 755 gratia,
386 676 411 736 si
427 682 523 737 cetera
538 675 619 755 paria
634 683 712 750 sunt,
727 676 786 737 hoc
797 675 922 737 maxime
935 673 1023 736 officii
1034 683 1088 748 est,
1104 683 1137 738 ut
1148 675 1231 754 qnis-

166 782 224 843 que
239 762 366 832 maxime
379 762 445 841 epis
457 761 593 841 indigeat,
608 761 649 822 ita
660 761 686 822 ei
697 761 888 840 potissimum
900 760 1049 842 opitulari:
1066 761 1145 840 qued
1158 778 1230 821 cen-

166 857 213 909 tra
226 849 258 908 fit
273 865 289 907 a
304 846 459 926 plerisque.
490 847 514 908 Α
529 865 587 927 que
609 846 686 909 enim
702 846 865 932 plurimum
883 855 1020 932 sperant,
1043 845 1169 908 etiamsi
1185 845 1231 906 ille

167 933 204 994 iis
219 950 281 994 non
298 938 374 1010 eget,
389 938 488 992 tamen
503 931 529 992 ei
543 931 733 1011 potissimum
748 927 919 993 inserviunt.
1246 967 1251 976 ·

253 1017 370 1095 Optime
385 1024 481 1078 autem
498 1017 622 1079 societas
636 1017 792 1078 hominnm
813 1018 1039 1094 coniunctioque
1060 1015 1230 1090 servabitur,
1249 1015 1289 1074 1e

168 1103 206 1177 si,
226 1102 397 1184 utquisque
413 1101 468 1162 erit
485 1101 755 1178 coniunctissimus,
775 1102 814 1165 ita
833 1103 864 1162 in
879 1121 947 1164 enm
961 1100 1147 1180 benignitatis
1162 1100 1229 1180 plu·
1252 1109 1284 1160 50

166 1189 277 1250 iimnm
296 1189 474 1248 conseretur.
510 1187 568 1248 Sed
587 1205 660 1267 quae
679 1195 799 1250 naturae
820 1188 965 1268 principia
986 1187 1046 1248 sint
1064 1185 1231 1248 eommuni-

164 1272 234 1336 tatis
249 1280 277 1334 et
294 1271 442 1334 societatis
456 1272 603 1334 humanae
623 1273 815 1354 repetendum
830 1273 943 1334 videtur
963 1271 1056 1335 altius.
1087 1272 1138 1332 Est
1154 1271 1232 1332 enim

164 1359 303 1440 primum,
318 1358 398 1437 qued
411 1357 538 1420 cernitur
549 1357 580 1419 in
591 1353 719 1420 universi
732 1357 845 1438 generis
857 1358 979 1420 humani
991 1356 1138 1418 societate.
1160 1355 1232 1418 Eius

166 1453 261 1506 autem
273 1443 424 1506 vinculum
436 1451 480 1506 est
490 1443 565 1516 nat'e
582 1451 611 1504 et
627 1443 729 1516 oratio,
745 1462 818 1522 quae
830 1443 963 1503 docendo
980 1442 1130 1513 discenda,
1148 1459 1231 1503 eem-

140 1527 342 1592 ·munieande
372 1463 565 1609 disceptantis¹
593 1528 749 1590 indicando
776 1528 910 1590 conciliat
933 1528 1010 1589 inter
1039 1545 1071 1588 se
1095 1527 1231 1588 hemines

152 1615 375 1694 ‘coniungitque
395 1613 520 1676 naturali
542 1614 668 1693 quadam
694 1613 845 1687 societate,
872 1631 968 1694 neque
988 1611 1045 1676 ulla
1064 1629 1096 1672 re
1115 1610 1231 1690 longius

165 1700 310 1764 absumus
325 1719 341 1762 a
357 1708 460 1770 natura
474 1701 619 1772 ferarum,
639 1698 792 1778 inquibus
809 1698 908 1764 inesse
928 1697 1130 1760 fortitudinem
1146 1714 1232 1775 saepe

165 1785 299 1858 dicimus,
314 1792 347 1845 ut
361 1785 391 1846 in
403 1786 495 1865 equis,
511 1784 543 1845 in
553 1783 697 1855 leonibus
711 1783 861 1856 iustitiam,
876 1783 1056 1863 aequitatem,
1070 1781 1231 1844 benitatem

165 1890 226 1934 nen
242 1871 382 1934 dieimus:
413 1877 482 1932 sunt
502 1869 580 1930 enim
600 1868 723 1930 rationis
743 1877 771 1930 et
792 1868 933 1930 erationis
953 1876 1097 1947 expertes
1128 1869 1169 1927 Ae
1188 1866 1230 1926 la·
1252 1879 1280 1929 51
1329 1933 1332 1938 .

164 1956 279 2017 tissime
299 1954 415 2034 quidem
436 1963 540 2035 patens
565 1954 738 2016 hominihus
764 1954 841 2014 inter
865 1954 964 2032 ipsos,
992 1952 1131 2014 omnibns
1156 1952 1232 2013 inter

166 2059 272 2102 omnes
293 2041 419 2102 societas
434 2041 505 2102 haec
519 2047 578 2102 est:
599 2041 630 2102 in
650 2059 707 2119 qna
723 2039 855 2100 emnium
875 2058 989 2114 terami,
1009 2057 1081 2119 quas
1096 2037 1132 2099 ad
1149 2056 1231 2098 com-

166 2144 289 2187 munem
303 2124 459 2188 hominum
474 2144 563 2188 usum
574 2133 678 2186 natura
690 2125 800 2206 genuit,
817 2133 862 2186 est
873 2125 1014 2191 servanda
1026 2123 1233 2196 communitas,

165 2219 213 2300 ¹¹¹2
234 2229 306 2290 quae
321 2210 468 2289 descripta
484 2219 553 2272 sunt
566 2203 679 2288 legibus
696 2217 724 2270 et
744 2210 806 2271 inre
823 2209 910 2284 civili,
930 2211 1003 2272 haec
1017 2209 1056 2271 ita
1071 2217 1232 2282 teneantur,

165 2305 200 2358 ut
216 2303 263 2356 est
277 2295 484 2356 constitutum:
505 2298 534 2373 [e
549 2297 655 2374 quihus
667 2294 754 2375 ipsis]
773 2302 867 2357 cetera
882 2297 925 2356 sie
940 2296 1142 2367 observentur,
1156 2300 1190 2353 ut
1201 2293 1231 2352 in

168 2493 268 2546 Urtheil
280 2493 411 2544 unewam
423 2496 671 2549 eustneilennemei-
728 2499 758 2562 (s,
771 2497 796 2564 ξ.
813 2497 861 2562 12),
879 2497 924 2548 anf
933 2500 979 2548 der
990 2498 1029 2548 die
1043 2496 1233 2561 Gereehtiffkeit

166 2561 295 2626 gehigkeit
307 2562 417 2625 gemeint
425 2563 468 2613 ist.
727 2567 776 2616 und
788 2565 977 2630 Freigebigkeit
988 2567 1076 2617 basiat.

193 2631 295 2696 iudicio,
306 2631 671 2700 eenseilerateeonetmeterque‚
761 2635 802 2684 51.
821 2634 906 2685 deseri
922 2639 962 2685 ta.-
983 2633 1127 2686 describere
1144 2633 1179 2683 ist
1194 2631 1233 2682 cll·

163 2699 269 2750 Anletiv
280 2699 331 2748 und
342 2698 470 2750 Adveebie
484 2701 561 2752 dunch
574 2708 600 2752 et
612 2717 672 2752 ver·
724 2704 878 2753 stillatione
885 2651 966 2767 faeta
980 2705 1119 2768 asea'gmare
1130 2698 1233 2766 emgela

163 2767 271 2817 bnnden.
291 2766 673 2834 §.tilmngaemezine,sertiter
726 2769 846 2834 megella.
870 2767 895 2833 ξ.
907 2769 938 2819 21
955 2773 1233 2838 pret-aterumpessee·

163 2835 373 2901 excellenterque.
397 2835 455 2900 vgi„
468 2835 493 2902 ξ.
507 2836 539 2886 27
558 2838 672 2889 consulte
726 2835 985 2906 eimumdesere'pte‘e.
1154 2840 1161 2850 ¹

163 2907 190 2954 et
200 2919 232 2954 eo
256 2906 324 2954 ‘tate
762 2922 776 2955 e
787 2907 877 2971 quibus
885 2908 949 2974 ipsis
961 2904 1232 2967 etiintvollstindigdie

200 2962 218 3022 l
242 3003 252 3020 .
275 2971 316 3022 50.
335 2977 445 3023 naturae
454 2975 582 3043 pemdpia
594 2989 673 3025 emm:
727 2973 848 3037 Periode‚
860 2971 1231 3036 welcheeut'demGegensatze

164 3055 186 3089 s.
200 3055 224 3090 z.
236 3038 262 3105 ξ,
275 3037 316 3089 43.
726 3058 777 3100 von
799 3057 862 3106 quae
879 3042 1010 3110 descripta
1026 3045 1089 3092 sunt
1103 3042 1128 3090 n.
1148 3043 1233 3091 calma

198 3107 310 3159 docendo
327 3115 376 3158 ete.
405 3108 451 3158 Die
467 3108 545 3159 Reihe
563 3111 609 3160 der
625 3111 672 3160 Be-
726 3111 825 3161 bemht.
838 3109 898 3160 Dies
907 3109 1048 3161 Relativum
1062 3107 1108 3158 aul
1114 3123 1180 3173 quae
1187 3107 1232 3157 de—

165 3176 237 3238 griffo
257 3175 363 3226 aenam
382 3177 408 3226 in
421 3177 460 3227 ein
478 3193 524 3228 aus
536 3177 552 3226 2
569 3179 619 3228 und
631 3179 673 3227 ein
725 3180 826 3247 seripta
836 3182 905 3242 meet,
915 3179 977 3228 haee
989 3192 1021 3226 zu
1032 3176 1152 3227 beziehen
1164 3174 1233 3238 gieht

167 3257 212 3294 ane
228 3243 242 3294 3
255 3243 390 3294 Neminem
407 3243 573 3296 beetehendes
591 3245 672 3310 Glied,
726 3247 818 3296 keinen
831 3245 901 3310 Sina,
919 3261 947 3295 es
960 3245 1005 3296 mit
1016 3245 1116 3310 legiam
1128 3259 1160 3294 zu
1172 3258 1233 3294 ver·

165 3326 220 3362 was
238 3313 315 3362 durch
333 3313 372 3362 die
388 3311 575 3378 htenpunetion
595 3328 673 3378 ange·
727 3314 818 3364 bin'den
831 3314 872 3380 iet,
884 3315 915 3364 de
926 3315 987 3364 haee
996 3315 1034 3366 ile
1043 3318 1093 3364 ten.
1102 3310 1232 3363 unmi'ttel-

142 3439 143 3442 Ἴ
166 3380 254 3430 dentet
266 3381 307 3430 iet.
327 3379 361 3430 So
373 3381 543 3446 gruppirtcm.
555 3388 619 3432 stete
632 3382 679 3434 bei.
706 3398 708 3402 ·
727 3382 773 3432 ber
783 3382 947 3448 verhengeht‚
965 3383 1040 3443 selaeu
1057 3378 1232 3444 grammatimh

165 3446 359 3512 Auiz'aihlnngen
371 3449 410 3497 die
422 3449 554 3499 einzelnen
565 3450 673 3514 Begriffe
728 3449 966 3517 niehtgntmliglieh,
974 3449 1232 3513 ebgesehenvondem

165 3516 191 3566 in
204 3515 308 3566 Glieden
324 3531 372 3566 ven
381 3515 405 3564 ·2
421 3517 483 3566 eder
494 3515 509 3566 3
521 3517 672 3582 Nummenn3
728 3516 839 3567 sehiefen
851 3517 1013 3580 Aestimate,
1030 3518 1077 3567 dee
1092 3517 1155 3567 auch
1167 3517 1231 3565 dana

166 3601 187 3634 s.
198 3583 317 3648 Nagelsb.
332 3583 350 3634 l.
361 3583 398 3634 St.
412 3584 501 3648 §.172
514 3587 538 3636 d.
552 3585 592 3636 eil.
605 3585 687 3652 1‚17,v
727 3585 859 3636 entstehen
870 3585 965 3636 wiinde.
983 3585 1030 3635 Die
1040 3585 1232 3648 zameistange-

166 3651 208 3704 53.
222 3651 262 3702 58.
285 3651 327 3714 32,
342 3652 399 3702 115.
423 3651 463 3714 34,
478 3653 535 3703 124.
559 3653 600 3718 36,
616 3653 672 3706 129.
727 3669 857 3704 nemmene
869 3653 1005 3718 Aendmng
1017 3654 1233 3705 inconstantem

165 3717 490 3785 11‚10,37.23‚83.111,17,
504 3721 569 3771 7011.
581 3722 672 3787 hiiniig.
727 3721 826 3787 legibue
839 3725 916 3790 ipsis,
932 3724 977 3774 des
990 3722 1040 3772 soli
1052 3722 1166 3772 heissen:
1183 3720 1232 3770 wie

200 3790 309 3841 reliam
321 3792 348 3840 et
359 3789 493 3838 erationis.
510 3787 561 3839 Des
571 3790 626 3840 sind
632 3791 671 3840 die
727 3805 755 3840 ee
767 3792 860 3854 genade
873 3791 897 3840 in
910 3793 958 3842 den
969 3789 1094 3841 Gesetzen
1107 3789 1230 3852 aegeone}-

165 3857 343 3922 Bedingnngen
357 3856 404 3906 dea·
414 3855 548 3919 eilgemein
559 3859 673 3908 mensch·
727 3864 770 3907 net
782 3858 824 3922 ist,
842 3860 918 3910 striel
929 3858 991 3908 neela
1004 3859 1050 3908 den
1061 3857 1232 3916 Bestimmnnff

165 3925 248 3976 lichen
264 3925 313 3974 und
325 3923 475 3974 steneliehen
488 3921 673 3978 Gemeinsehett
726 3926 772 3975 der
781 3923 899 3978 Gesetze.
924 3926 995 3977 Denn
1007 3934 1103 3978 musste
1114 3926 1176 3977 aben
1187 3925 1233 3975 dei·
