<?xml version="1.0" encoding="UTF-8"?>
<!DOCTYPE html PUBLIC "-//W3C//DTD XHTML 1.0 Transitional//EN"
    "http://www.w3.org/TR/xhtml1/DTD/xhtml1-transitional.dtd">
<html xmlns="http://www.w3.org/1999/xhtml" xml:lang="en" lang="en">
 <head>
  <title>
</title>
<meta http-equiv="Content-Type" content="text/html;charset=utf-8" />
  <meta name='ocr-system' content='tesseract 3.04.00' />
  <meta name='ocr-capabilities' content='ocr_page ocr_carea ocr_par ocr_line ocrx_word'/>
</head>
<body>
  <div class='ocr_page' id='page_1' title='image "./mtulliiciceroni00heingoog_0155.png"; bbox 0 0 2788 4486; ppageno 0'>
   <div class='ocr_carea' id='block_1_1' title="bbox 538 217 1216 281">
    <p class='ocr_par' dir='ltr' id='par_1_1' title="bbox 538 217 1216 281">
     <span class='ocr_line' id='line_1_1' title="bbox 538 217 1216 281; baseline 0.013 -9"><span class='ocrx_word' id='word_1_1' title='bbox 538 220 597 272; x_wconf 81' lang='lat' dir='ltr'>LlB.</span> <span class='ocrx_word' id='word_1_2' title='bbox 610 220 639 273; x_wconf 90' lang='lat' dir='ltr'>ll.</span> <span class='ocrx_word' id='word_1_3' title='bbox 667 220 736 272; x_wconf 75' lang='lat' dir='ltr'>chr.</span> <span class='ocrx_word' id='word_1_4' title='bbox 749 219 789 272; x_wconf 81' lang='lat'>22.</span> <span class='ocrx_word' id='word_1_5' title='bbox 800 217 841 272; x_wconf 77' lang='grc'>23.</span> <span class='ocrx_word' id='word_1_6' title='bbox 1159 220 1216 281; x_wconf 82' lang='lat'>151</span> 
     </span>
    </p>
   </div>
   <div class='ocr_carea' id='block_1_2' title="bbox 159 372 1272 881">
    <p class='ocr_par' dir='ltr' id='par_1_2' title="bbox 159 372 1272 881">
     <span class='ocr_line' id='line_1_2' title="bbox 160 372 1220 456; baseline -0.005 -19"><span class='ocrx_word' id='word_1_7' title='bbox 160 377 242 456; x_wconf 84' lang='lat' dir='ltr'>ginta</span> <span class='ocrx_word' id='word_1_8' title='bbox 257 392 403 437; x_wconf 89' lang='lat' dir='ltr'>anuomm</span> <span class='ocrx_word' id='word_1_9' title='bbox 419 375 626 454; x_wconf 87' lang='lat' dir='ltr'>possessiones</span> <span class='ocrx_word' id='word_1_10' title='bbox 641 375 752 438; x_wconf 84' lang='lat' dir='ltr'>moveri</span> <span class='ocrx_word' id='word_1_11' title='bbox 767 393 830 436; x_wconf 91' lang='lat' dir='ltr'>non</span> <span class='ocrx_word' id='word_1_12' title='bbox 845 373 932 434; x_wconf 88' lang='lat' dir='ltr'>nimis</span> <span class='ocrx_word' id='word_1_13' title='bbox 948 392 1074 453; x_wconf 91' lang='lat' dir='ltr'>aequum</span> <span class='ocrx_word' id='word_1_14' title='bbox 1089 372 1220 454; x_wconf 88' lang='lat' dir='ltr'>putabat,</span> 
     </span>
     <span class='ocr_line' id='line_1_3' title="bbox 160 458 1220 543; baseline -0.005 -20"><span class='ocrx_word' id='word_1_15' title='bbox 160 469 316 543; x_wconf 89' lang='lat' dir='ltr'>propterea</span> <span class='ocrx_word' id='word_1_16' title='bbox 328 461 405 540; x_wconf 93' lang='lat' dir='ltr'>quod</span> <span class='ocrx_word' id='word_1_17' title='bbox 421 469 479 523; x_wconf 88' lang='lat' dir='ltr'>tarn</span> <span class='ocrx_word' id='word_1_18' title='bbox 495 461 583 540; x_wconf 81' lang='lat' dir='ltr'>longo</span> <span class='ocrx_word' id='word_1_19' title='bbox 599 461 694 541; x_wconf 80' lang='lat' dir='ltr'>spatio</span> <span class='ocrx_word' id='word_1_20' title='bbox 706 460 795 521; x_wconf 88' lang='lat' dir='ltr'>multa</span> <span class='ocrx_word' id='word_1_21' title='bbox 806 459 1021 532; x_wconf 71' lang='lat' dir='ltr'>hereditatibus,</span> <span class='ocrx_word' id='word_1_22' title='bbox 1034 458 1123 520; x_wconf 85' lang='lat' dir='ltr'>multa</span> <span class='ocrx_word' id='word_1_23' title='bbox 1135 476 1220 537; x_wconf 88' lang='lat' dir='ltr'>emp·</span> 
     </span>
     <span class='ocr_line' id='line_1_4' title="bbox 159 539 1221 628; baseline -0.005 -20"><span class='ocrx_word' id='word_1_24' title='bbox 159 539 306 618; x_wconf 90' lang='lat' dir='ltr'>tionib&#39;us,</span> <span class='ocrx_word' id='word_1_25' title='bbox 329 547 418 606; x_wconf 86' lang='lat' dir='ltr'>multa</span> <span class='ocrx_word' id='word_1_26' title='bbox 438 547 554 608; x_wconf 89' lang='lat' dir='ltr'>dotibus</span> <span class='ocrx_word' id='word_1_27' title='bbox 570 547 743 608; x_wconf 87' lang='lat' dir='ltr'>tenebantur</span> <span class='ocrx_word' id='word_1_28' title='bbox 758 547 821 624; x_wconf 86' lang='lat' dir='ltr'>sine</span> <span class='ocrx_word' id='word_1_29' title='bbox 836 543 955 618; x_wconf 85' lang='lat' dir='ltr'>iniuria,</span> <span class='ocrx_word' id='word_1_30' title='bbox 977 544 1112 622; x_wconf 82' lang='lat' dir='ltr'>iudicarit</span> <span class='ocrx_word' id='word_1_31' title='bbox 1126 563 1221 628; x_wconf 82' lang='lat' dir='ltr'>neque</span> 
     </span>
     <span class='ocr_line' id='line_1_5' title="bbox 160 629 1218 711; baseline -0.003 -19"><span class='ocrx_word' id='word_1_32' title='bbox 160 632 215 692; x_wconf 93' lang='lat' dir='ltr'>illis</span> <span class='ocrx_word' id='word_1_33' title='bbox 232 631 321 692; x_wconf 90' lang='lat' dir='ltr'>adimi</span> <span class='ocrx_word' id='word_1_34' title='bbox 336 650 390 692; x_wconf 91' lang='lat' dir='ltr'>nec</span> <span class='ocrx_word' id='word_1_35' title='bbox 404 632 451 692; x_wconf 92' lang='lat' dir='ltr'>his</span> <span class='ocrx_word' id='word_1_36' title='bbox 466 649 529 692; x_wconf 94' lang='lat' dir='ltr'>non</span> <span class='ocrx_word' id='word_1_37' title='bbox 545 631 615 694; x_wconf 88' lang='lat' dir='ltr'>satis</span> <span class='ocrx_word' id='word_1_38' title='bbox 632 632 708 705; x_wconf 85' lang='lat' dir='ltr'>heri,</span> <span class='ocrx_word' id='word_1_39' title='bbox 729 649 854 711; x_wconf 89' lang='lat' dir='ltr'>quorum</span> <span class='ocrx_word' id='word_1_40' title='bbox 871 629 916 691; x_wconf 91' lang='lat' dir='ltr'>illa</span> <span class='ocrx_word' id='word_1_41' title='bbox 932 631 1056 703; x_wconf 82' lang='lat' dir='ltr'>fuerant,</span> <span class='ocrx_word' id='word_1_42' title='bbox 1072 637 1218 708; x_wconf 80' lang='lat' dir='ltr'><strong>oportere.</strong></span> 
     </span>
     <span class='ocr_line' id='line_1_6' title="bbox 160 714 1272 796; baseline -0.004 -18"><span class='ocrx_word' id='word_1_43' title='bbox 160 717 233 778; x_wconf 88' lang='lat' dir='ltr'>Cum</span> <span class='ocrx_word' id='word_1_44' title='bbox 254 716 341 794; x_wconf 85' lang='lat' dir='ltr'>igitur</span> <span class='ocrx_word' id='word_1_45' title='bbox 362 717 512 778; x_wconf 79' lang='lat' dir='ltr'>statuisset</span> <span class='ocrx_word' id='word_1_46' title='bbox 534 731 609 796; x_wconf 89' lang='lat' dir='ltr'>opus</span> <span class='ocrx_word' id='word_1_47' title='bbox 625 736 691 778; x_wconf 91' lang='lat' dir='ltr'>esse</span> <span class='ocrx_word' id='word_1_48' title='bbox 705 717 741 778; x_wconf 88' lang='lat' dir='ltr'>ad</span> <span class='ocrx_word' id='word_1_49' title='bbox 756 735 819 776; x_wconf 91' lang='lat' dir='ltr'>eam</span> <span class='ocrx_word' id='word_1_50' title='bbox 836 735 899 776; x_wconf 92' lang='lat' dir='ltr'>rem</span> <span class='ocrx_word' id='word_1_51' title='bbox 916 714 1150 777; x_wconf 81' lang='lat' dir='ltr'>constituendam</span> <span class='ocrx_word' id='word_1_52' title='bbox 1166 733 1219 794; x_wconf 89' lang='lat' dir='ltr'>pe·</span> <span class='ocrx_word' id='word_1_53' title='bbox 1241 726 1272 776; x_wconf 78' lang='lat' dir='ltr'>st</span> 
     </span>
     <span class='ocr_line' id='line_1_7' title="bbox 160 799 1220 881; baseline -0.004 -17"><span class='ocrx_word' id='word_1_54' title='bbox 160 802 260 873; x_wconf 88' lang='lat' dir='ltr'>cunia,</span> <span class='ocrx_word' id='word_1_55' title='bbox 283 801 482 862; x_wconf 80' lang='lat' dir='ltr'>Alexandriam</span> <span class='ocrx_word' id='word_1_56' title='bbox 499 821 531 862; x_wconf 94' lang='lat' dir='ltr'>se</span> <span class='ocrx_word' id='word_1_57' title='bbox 546 801 692 881; x_wconf 88' lang='lat' dir='ltr'>proticisci</span> <span class='ocrx_word' id='word_1_58' title='bbox 712 801 782 863; x_wconf 89' lang='lat' dir='ltr'>velle</span> <span class='ocrx_word' id='word_1_59' title='bbox 802 801 872 862; x_wconf 82' lang='lat' dir='ltr'>dixit</span> <span class='ocrx_word' id='word_1_60' title='bbox 892 819 1012 880; x_wconf 90' lang='lat' dir='ltr'>remque</span> <span class='ocrx_word' id='word_1_61' title='bbox 1027 800 1168 879; x_wconf 80' lang='lat' dir='ltr'>integram</span> <span class='ocrx_word' id='word_1_62' title='bbox 1184 799 1220 862; x_wconf 92' lang='lat' dir='ltr'>ad</span> 
     </span>
    </p>
   </div>
   <div class='ocr_carea' id='block_1_3' title="bbox 12 886 1220 968">
    <p class='ocr_par' dir='ltr' id='par_1_3' title="bbox 12 886 1220 968">
     <span class='ocr_line' id='line_1_8' title="bbox 12 886 1220 968; baseline -0.005 -17"><span class='ocrx_word' id='word_1_63' title='bbox 12 923 13 934; x_wconf 29' lang='grc' dir='ltr'><strong>κ</strong></span> <span class='ocrx_word' id='word_1_64' title='bbox 118 935 124 943; x_wconf 90' lang='grc'><strong>.</strong></span> <span class='ocrx_word' id='word_1_65' title='bbox 159 887 287 950; x_wconf 89' lang='lat' dir='ltr'>reditum</span> <span class='ocrx_word' id='word_1_66' title='bbox 304 900 390 948; x_wconf 90' lang='lat' dir='ltr'>suum</span> <span class='ocrx_word' id='word_1_67' title='bbox 413 886 498 948; x_wconf 89' lang='lat' dir='ltr'>iussit</span> <span class='ocrx_word' id='word_1_68' title='bbox 511 906 585 949; x_wconf 92' lang='lat' dir='ltr'>esse.</span> <span class='ocrx_word' id='word_1_69' title='bbox 615 887 701 968; x_wconf 89' lang='lat' dir='ltr'>Isque</span> <span class='ocrx_word' id='word_1_70' title='bbox 713 886 846 948; x_wconf 88' lang='lat' dir='ltr'>celeriter</span> <span class='ocrx_word' id='word_1_71' title='bbox 865 886 902 947; x_wconf 92' lang='lat' dir='ltr'>ad</span> <span class='ocrx_word' id='word_1_72' title='bbox 916 886 1116 950; x_wconf 78' lang='lat' dir='ltr'>Ptolemaeum</span> <span class='ocrx_word' id='word_1_73' title='bbox 1132 902 1220 946; x_wconf 88' lang='lat' dir='ltr'>suum</span> 
     </span>
    </p>
   </div>
   <div class='ocr_carea' id='block_1_4' title="bbox 159 969 1220 1222">
    <p class='ocr_par' dir='ltr' id='par_1_4' title="bbox 159 969 1220 1222">
     <span class='ocr_line' id='line_1_9' title="bbox 159 969 1219 1052; baseline -0.005 -18"><span class='ocrx_word' id='word_1_74' title='bbox 159 972 307 1052; x_wconf 86' lang='lat' dir='ltr'>hospitem</span> <span class='ocrx_word' id='word_1_75' title='bbox 327 972 418 1045; x_wconf 86' lang='lat' dir='ltr'>venit,</span> <span class='ocrx_word' id='word_1_76' title='bbox 439 973 487 1051; x_wconf 93' lang='lat' dir='ltr'>qui</span> <span class='ocrx_word' id='word_1_77' title='bbox 509 980 571 1034; x_wconf 90' lang='lat' dir='ltr'>tum</span> <span class='ocrx_word' id='word_1_78' title='bbox 592 971 731 1052; x_wconf 81' lang='lat' dir='ltr'>regnabat</span> <span class='ocrx_word' id='word_1_79' title='bbox 750 969 822 1032; x_wconf 92' lang='lat' dir='ltr'>alter</span> <span class='ocrx_word' id='word_1_80' title='bbox 841 979 910 1050; x_wconf 90' lang='lat' dir='ltr'>post</span> <span class='ocrx_word' id='word_1_81' title='bbox 923 971 1127 1032; x_wconf 81' lang='lat' dir='ltr'>Alexandriam</span> <span class='ocrx_word' id='word_1_82' title='bbox 1146 987 1219 1030; x_wconf 89' lang='lat' dir='ltr'>con-</span> 
     </span>
     <span class='ocr_line' id='line_1_10' title="bbox 161 1055 1220 1136; baseline -0.002 -18"><span class='ocrx_word' id='word_1_83' title='bbox 161 1058 259 1119; x_wconf 74' lang='lat' dir='ltr'>ditam,</span> <span class='ocrx_word' id='word_1_84' title='bbox 287 1055 339 1118; x_wconf 87' lang='lat' dir='ltr'>Cui</span> <span class='ocrx_word' id='word_1_85' title='bbox 357 1075 424 1118; x_wconf 91' lang='lat' dir='ltr'>cum</span> <span class='ocrx_word' id='word_1_86' title='bbox 441 1057 626 1136; x_wconf 85' lang='lat' dir='ltr'>exposuisset</span> <span class='ocrx_word' id='word_1_87' title='bbox 641 1057 764 1136; x_wconf 86' lang='lat' dir='ltr'>patriam</span> <span class='ocrx_word' id='word_1_88' title='bbox 782 1075 813 1116; x_wconf 91' lang='lat' dir='ltr'>se</span> <span class='ocrx_word' id='word_1_89' title='bbox 829 1055 950 1118; x_wconf 91' lang='lat' dir='ltr'>liberare</span> <span class='ocrx_word' id='word_1_90' title='bbox 964 1056 1033 1116; x_wconf 88' lang='lat' dir='ltr'>velle</span> <span class='ocrx_word' id='word_1_91' title='bbox 1045 1074 1220 1134; x_wconf 83' lang='lat' dir='ltr'>causamque</span> 
     </span>
     <span class='ocr_line' id='line_1_11' title="bbox 161 1139 1220 1222; baseline -0.004 -18"><span class='ocrx_word' id='word_1_92' title='bbox 161 1142 319 1216; x_wconf 87' lang='lat' dir='ltr'>docuisset,</span> <span class='ocrx_word' id='word_1_93' title='bbox 332 1161 347 1202; x_wconf 92' lang='lat' dir='ltr'>a</span> <span class='ocrx_word' id='word_1_94' title='bbox 359 1161 428 1220; x_wconf 82' lang='lat' dir='ltr'>rege</span> <span class='ocrx_word' id='word_1_95' title='bbox 440 1143 580 1222; x_wconf 86' lang='lat' dir='ltr'>opulento</span> <span class='ocrx_word' id='word_1_96' title='bbox 592 1142 635 1204; x_wconf 89' lang='lat' dir='ltr'>vir</span> <span class='ocrx_word' id='word_1_97' title='bbox 648 1161 782 1204; x_wconf 90' lang='lat' dir='ltr'>summus</span> <span class='ocrx_word' id='word_1_98' title='bbox 795 1142 875 1222; x_wconf 89' lang='lat' dir='ltr'>lacile</span> <span class='ocrx_word' id='word_1_99' title='bbox 888 1139 1061 1220; x_wconf 80' lang='lat' dir='ltr'>impetravit,</span> <span class='ocrx_word' id='word_1_100' title='bbox 1075 1149 1107 1202; x_wconf 93' lang='lat' dir='ltr'>ut</span> <span class='ocrx_word' id='word_1_101' title='bbox 1118 1140 1220 1219; x_wconf 83' lang='lat' dir='ltr'>grandi</span> 
     </span>
    </p>
   </div>
   <div class='ocr_carea' id='block_1_5' title="bbox 74 1225 1220 1308">
    <p class='ocr_par' dir='ltr' id='par_1_5' title="bbox 74 1225 1220 1308">
     <span class='ocr_line' id='line_1_12' title="bbox 74 1225 1220 1308; baseline -0.003 -19"><span class='ocrx_word' id='word_1_102' title='bbox 74 1231 82 1236; x_wconf 82' lang='lat'>&#39;</span> <span class='ocrx_word' id='word_1_103' title='bbox 159 1227 282 1308; x_wconf 90' lang='lat' dir='ltr'>pecunia</span> <span class='ocrx_word' id='word_1_104' title='bbox 303 1225 493 1289; x_wconf 86' lang='lat' dir='ltr'>adiuvaretur.</span> <span class='ocrx_word' id='word_1_105' title='bbox 528 1227 623 1301; x_wconf 78' lang='lat' dir='ltr'>Quam</span> <span class='ocrx_word' id='word_1_106' title='bbox 643 1247 710 1288; x_wconf 88' lang='lat' dir='ltr'>cum</span> <span class='ocrx_word' id='word_1_107' title='bbox 732 1227 889 1306; x_wconf 81' lang='lat' dir='ltr'>Sicyonem</span> <span class='ocrx_word' id='word_1_108' title='bbox 908 1226 1065 1300; x_wconf 74' lang='lat' dir='ltr'>attulisset,</span> <span class='ocrx_word' id='word_1_109' title='bbox 1090 1225 1220 1288; x_wconf 89' lang='lat' dir='ltr'>adhibuit</span> 
     </span>
    </p>
   </div>
   <div class='ocr_carea' id='block_1_6' title="bbox 159 1311 1273 2413">
    <p class='ocr_par' dir='ltr' id='par_1_6' title="bbox 159 1311 1273 2413">
     <span class='ocr_line' id='line_1_13' title="bbox 160 1311 1220 1392; baseline -0.003 -18"><span class='ocrx_word' id='word_1_110' title='bbox 160 1313 217 1374; x_wconf 90' lang='lat' dir='ltr'>sihi</span> <span class='ocrx_word' id='word_1_111' title='bbox 232 1313 263 1372; x_wconf 96' lang='lat' dir='ltr'>in</span> <span class='ocrx_word' id='word_1_112' title='bbox 277 1312 432 1374; x_wconf 87' lang='lat' dir='ltr'>concilium</span> <span class='ocrx_word' id='word_1_113' title='bbox 444 1312 611 1392; x_wconf 89' lang='lat' dir='ltr'>quindecim</span> <span class='ocrx_word' id='word_1_114' title='bbox 623 1313 779 1392; x_wconf 90' lang='lat' dir='ltr'>principes,</span> <span class='ocrx_word' id='word_1_115' title='bbox 795 1331 862 1374; x_wconf 90' lang='lat' dir='ltr'>oum</span> <span class='ocrx_word' id='word_1_116' title='bbox 875 1311 980 1392; x_wconf 91' lang='lat' dir='ltr'>quibus</span> <span class='ocrx_word' id='word_1_117' title='bbox 994 1330 1095 1374; x_wconf 89' lang='lat' dir='ltr'>causas</span> <span class='ocrx_word' id='word_1_118' title='bbox 1108 1312 1220 1390; x_wconf 81' lang='lat' dir='ltr'>cogno-</span> 
     </span>
     <span class='ocr_line' id='line_1_14' title="bbox 160 1397 1221 1477; baseline -0.002 -19"><span class='ocrx_word' id='word_1_119' title='bbox 160 1398 201 1459; x_wconf 82' lang='lat' dir='ltr'>vit</span> <span class='ocrx_word' id='word_1_120' title='bbox 215 1405 243 1458; x_wconf 92' lang='lat' dir='ltr'>et</span> <span class='ocrx_word' id='word_1_121' title='bbox 257 1417 375 1470; x_wconf 90' lang='lat' dir='ltr'>eorum,</span> <span class='ocrx_word' id='word_1_122' title='bbox 396 1399 445 1477; x_wconf 93' lang='lat' dir='ltr'>qui</span> <span class='ocrx_word' id='word_1_123' title='bbox 463 1399 554 1460; x_wconf 90' lang='lat' dir='ltr'>aliena</span> <span class='ocrx_word' id='word_1_124' title='bbox 569 1398 719 1470; x_wconf 89' lang='lat' dir='ltr'>tenebant,</span> <span class='ocrx_word' id='word_1_125' title='bbox 739 1405 899 1470; x_wconf 89' lang='lat' dir='ltr'>eteorum,</span> <span class='ocrx_word' id='word_1_126' title='bbox 921 1398 971 1475; x_wconf 90' lang='lat' dir='ltr'>qui</span> <span class='ocrx_word' id='word_1_127' title='bbox 986 1415 1039 1456; x_wconf 92' lang='lat' dir='ltr'>sua</span> <span class='ocrx_word' id='word_1_128' title='bbox 1054 1397 1221 1466; x_wconf 88' lang='lat' dir='ltr'>amiserant,</span> 
     </span>
     <span class='ocr_line' id='line_1_15' title="bbox 159 1480 1221 1564; baseline -0.004 -19"><span class='ocrx_word' id='word_1_129' title='bbox 159 1482 338 1564; x_wconf 79' lang='lat' dir='ltr'>perfecitque</span> <span class='ocrx_word' id='word_1_130' title='bbox 357 1481 546 1544; x_wconf 86' lang='lat' dir='ltr'>aestimandis</span> <span class='ocrx_word' id='word_1_131' title='bbox 566 1481 821 1563; x_wconf 86' lang='lat' dir='ltr'>possessionibus,</span> <span class='ocrx_word' id='word_1_132' title='bbox 843 1490 875 1542; x_wconf 90' lang='lat' dir='ltr'>ut</span> <span class='ocrx_word' id='word_1_133' title='bbox 889 1481 1077 1562; x_wconf 88' lang='lat' dir='ltr'>persuaderet</span> <span class='ocrx_word' id='word_1_134' title='bbox 1091 1480 1168 1555; x_wconf 92' lang='lat' dir='ltr'>aliis,</span> <span class='ocrx_word' id='word_1_135' title='bbox 1188 1489 1221 1541; x_wconf 86' lang='lat' dir='ltr'>ut</span> 
     </span>
     <span class='ocr_line' id='line_1_16' title="bbox 160 1565 1220 1649; baseline -0.003 -20"><span class='ocrx_word' id='word_1_136' title='bbox 160 1567 315 1649; x_wconf 89' lang='lat' dir='ltr'>pecuniam</span> <span class='ocrx_word' id='word_1_137' title='bbox 336 1568 466 1648; x_wconf 88' lang='lat' dir='ltr'>accipere</span> <span class='ocrx_word' id='word_1_138' title='bbox 491 1568 623 1641; x_wconf 90' lang='lat' dir='ltr'>mallent,</span> <span class='ocrx_word' id='word_1_139' title='bbox 644 1567 889 1648; x_wconf 83' lang='lat' dir='ltr'>‘possessionibus</span> <span class='ocrx_word' id='word_1_140' title='bbox 916 1568 1062 1642; x_wconf 89' lang='lat' dir='ltr'>cederent,</span> <span class='ocrx_word' id='word_1_141' title='bbox 1088 1565 1163 1640; x_wconf 87' lang='lat' dir='ltr'>aliis,</span> <span class='ocrx_word' id='word_1_142' title='bbox 1187 1574 1220 1627; x_wconf 89' lang='lat' dir='ltr'>ut</span> 
     </span>
     <span class='ocr_line' id='line_1_17' title="bbox 161 1652 1219 1733; baseline -0.005 -17"><span class='ocrx_word' id='word_1_143' title='bbox 161 1652 347 1731; x_wconf 86' lang='lat' dir='ltr'>commodius</span> <span class='ocrx_word' id='word_1_144' title='bbox 361 1661 497 1733; x_wconf 85' lang='lat' dir='ltr'>putarent</span> <span class='ocrx_word' id='word_1_145' title='bbox 512 1653 659 1716; x_wconf 89' lang='lat' dir='ltr'>numerari</span> <span class='ocrx_word' id='word_1_146' title='bbox 675 1653 730 1716; x_wconf 94' lang='lat' dir='ltr'>sibi</span> <span class='ocrx_word' id='word_1_147' title='bbox 751 1654 830 1732; x_wconf 92' lang='lat' dir='ltr'>quod</span> <span class='ocrx_word' id='word_1_148' title='bbox 849 1653 920 1714; x_wconf 86' lang='lat' dir='ltr'>tanti</span> <span class='ocrx_word' id='word_1_149' title='bbox 936 1661 1014 1714; x_wconf 91' lang='lat' dir='ltr'>esset</span> <span class='ocrx_word' id='word_1_150' title='bbox 1029 1671 1115 1732; x_wconf 92' lang='lat' dir='ltr'>quam</span> <span class='ocrx_word' id='word_1_151' title='bbox 1132 1670 1219 1712; x_wconf 89' lang='lat' dir='ltr'>suum</span> 
     </span>
     <span class='ocr_line' id='line_1_18' title="bbox 159 1737 1220 1818; baseline -0.003 -19"><span class='ocrx_word' id='word_1_152' title='bbox 159 1758 341 1818; x_wconf 90' lang='lat' dir='ltr'>recuperare.</span> <span class='ocrx_word' id='word_1_153' title='bbox 376 1739 417 1800; x_wconf 91' lang='lat' dir='ltr'>lta</span> <span class='ocrx_word' id='word_1_154' title='bbox 442 1740 604 1818; x_wconf 90' lang='lat' dir='ltr'>perlectum</span> <span class='ocrx_word' id='word_1_155' title='bbox 629 1745 729 1800; x_wconf 91' lang='lat' dir='ltr'>estut</span> <span class='ocrx_word' id='word_1_156' title='bbox 754 1756 859 1800; x_wconf 89' lang='lat' dir='ltr'>omnes</span> <span class='ocrx_word' id='word_1_157' title='bbox 883 1738 1038 1800; x_wconf 90' lang='lat' dir='ltr'>concordia</span> <span class='ocrx_word' id='word_1_158' title='bbox 1063 1737 1220 1798; x_wconf 88' lang='lat' dir='ltr'>constituta</span> 
     </span>
     <span class='ocr_line' id='line_1_19' title="bbox 161 1819 1273 1904; baseline -0.004 -18"><span class='ocrx_word' id='word_1_159' title='bbox 161 1825 225 1886; x_wconf 91' lang='lat' dir='ltr'>sine</span> <span class='ocrx_word' id='word_1_160' title='bbox 241 1823 367 1904; x_wconf 87' lang='lat' dir='ltr'>querella</span> <span class='ocrx_word' id='word_1_161' title='bbox 382 1821 586 1886; x_wconf 75' lang='lat' dir='ltr'>discederent?</span> <span class='ocrx_word' id='word_1_162' title='bbox 606 1819 742 1884; x_wconf 84' lang='lat' dir='ltr'>Ovirum</span> <span class='ocrx_word' id='word_1_163' title='bbox 761 1841 899 1902; x_wconf 83' lang='lat' dir='ltr'>magnmn</span> <span class='ocrx_word' id='word_1_164' title='bbox 922 1823 1099 1902; x_wconf 85' lang='lat' dir='ltr'>dignumque</span> <span class='ocrx_word' id='word_1_165' title='bbox 1119 1822 1169 1902; x_wconf 92' lang='lat' dir='ltr'>qui</span> <span class='ocrx_word' id='word_1_166' title='bbox 1188 1822 1219 1883; x_wconf 95' lang='lat' dir='ltr'>in</span> <span class='ocrx_word' id='word_1_167' title='bbox 1241 1832 1273 1884; x_wconf 86' lang='lat'>83</span> 
     </span>
     <span class='ocr_line' id='line_1_20' title="bbox 161 1906 1219 1990; baseline -0.003 -20"><span class='ocrx_word' id='word_1_168' title='bbox 161 1929 193 1970; x_wconf 89' lang='lat' dir='ltr'>re</span> <span class='ocrx_word' id='word_1_169' title='bbox 213 1907 328 1990; x_wconf 92' lang='lat' dir='ltr'>publica</span> <span class='ocrx_word' id='word_1_170' title='bbox 349 1917 451 1970; x_wconf 89' lang='lat' dir='ltr'>nostra</span> <span class='ocrx_word' id='word_1_171' title='bbox 471 1916 557 1970; x_wconf 92' lang='lat' dir='ltr'>natus</span> <span class='ocrx_word' id='word_1_172' title='bbox 577 1906 668 1970; x_wconf 87' lang='lat' dir='ltr'>esset!</span> <span class='ocrx_word' id='word_1_173' title='bbox 699 1909 748 1970; x_wconf 91' lang='lat' dir='ltr'>Sic</span> <span class='ocrx_word' id='word_1_174' title='bbox 765 1926 820 1987; x_wconf 90' lang='lat' dir='ltr'>par</span> <span class='ocrx_word' id='word_1_175' title='bbox 839 1915 885 1970; x_wconf 91' lang='lat' dir='ltr'>est</span> <span class='ocrx_word' id='word_1_176' title='bbox 909 1927 994 1988; x_wconf 79' lang='lat' dir='ltr'>agere</span> <span class='ocrx_word' id='word_1_177' title='bbox 1013 1927 1080 1969; x_wconf 88' lang='lat' dir='ltr'>cum</span> <span class='ocrx_word' id='word_1_178' title='bbox 1102 1907 1219 1980; x_wconf 72' lang='lat' dir='ltr'>civibus</span> 
     </span>
     <span class='ocr_line' id='line_1_21' title="bbox 163 1993 1219 2074; baseline -0.003 -18"><span class='ocrx_word' id='word_1_179' title='bbox 163 2013 238 2068; x_wconf 91' lang='lat' dir='ltr'>non,</span> <span class='ocrx_word' id='word_1_180' title='bbox 252 2001 285 2054; x_wconf 85' lang='lat' dir='ltr'>ut</span> <span class='ocrx_word' id='word_1_181' title='bbox 299 1993 344 2055; x_wconf 93' lang='lat' dir='ltr'>bis</span> <span class='ocrx_word' id='word_1_182' title='bbox 360 1993 417 2055; x_wconf 91' lang='lat' dir='ltr'>iam</span> <span class='ocrx_word' id='word_1_183' title='bbox 433 1993 574 2068; x_wconf 88' lang='lat' dir='ltr'>vidimus,</span> <span class='ocrx_word' id='word_1_184' title='bbox 590 1995 704 2058; x_wconf 89' lang='lat' dir='ltr'>hastam</span> <span class='ocrx_word' id='word_1_185' title='bbox 720 1994 751 2054; x_wconf 92' lang='lat' dir='ltr'>in</span> <span class='ocrx_word' id='word_1_186' title='bbox 767 1996 832 2055; x_wconf 88' lang='lat' dir='ltr'>loro</span> <span class='ocrx_word' id='word_1_187' title='bbox 848 2011 960 2074; x_wconf 91' lang='lat' dir='ltr'>ponere</span> <span class='ocrx_word' id='word_1_188' title='bbox 976 2001 1005 2054; x_wconf 88' lang='lat' dir='ltr'>et</span> <span class='ocrx_word' id='word_1_189' title='bbox 1018 1994 1097 2054; x_wconf 88' lang='lat' dir='ltr'>bona</span> <span class='ocrx_word' id='word_1_190' title='bbox 1113 1993 1219 2054; x_wconf 89' lang='lat' dir='ltr'>civium</span> 
     </span>
     <span class='ocr_line' id='line_1_22' title="bbox 163 2077 1221 2160; baseline 0 -22"><span class='ocrx_word' id='word_1_191' title='bbox 163 2079 227 2141; x_wconf 89' lang='lat' dir='ltr'>voci</span> <span class='ocrx_word' id='word_1_192' title='bbox 243 2078 375 2140; x_wconf 89' lang='lat' dir='ltr'>subicere</span> <span class='ocrx_word' id='word_1_193' title='bbox 393 2079 555 2160; x_wconf 88' lang='lat' dir='ltr'>praeconis.</span> <span class='ocrx_word' id='word_1_194' title='bbox 587 2080 624 2140; x_wconf 84' lang='lat' dir='ltr'>ht</span> <span class='ocrx_word' id='word_1_195' title='bbox 644 2079 691 2140; x_wconf 92' lang='lat' dir='ltr'>ille</span> <span class='ocrx_word' id='word_1_196' title='bbox 706 2079 846 2153; x_wconf 86' lang='lat' dir='ltr'>Graecus,</span> <span class='ocrx_word' id='word_1_197' title='bbox 869 2079 897 2140; x_wconf 93' lang='lat' dir='ltr'>id</span> <span class='ocrx_word' id='word_1_198' title='bbox 914 2080 992 2160; x_wconf 92' lang='lat' dir='ltr'>quod</span> <span class='ocrx_word' id='word_1_199' title='bbox 1013 2079 1067 2140; x_wconf 88' lang='lat' dir='ltr'>luit</span> <span class='ocrx_word' id='word_1_200' title='bbox 1081 2077 1221 2158; x_wconf 90' lang='lat' dir='ltr'>sapientis</span> 
     </span>
     <span class='ocr_line' id='line_1_23' title="bbox 162 2163 1221 2244; baseline -0.001 -19"><span class='ocrx_word' id='word_1_201' title='bbox 162 2173 190 2226; x_wconf 88' lang='lat' dir='ltr'>et</span> <span class='ocrx_word' id='word_1_202' title='bbox 215 2164 391 2244; x_wconf 90' lang='lat' dir='ltr'>praestantis</span> <span class='ocrx_word' id='word_1_203' title='bbox 417 2163 483 2237; x_wconf 84' lang='lat' dir='ltr'>viri,</span> <span class='ocrx_word' id='word_1_204' title='bbox 509 2164 647 2226; x_wconf 91' lang='lat' dir='ltr'>omnibus</span> <span class='ocrx_word' id='word_1_205' title='bbox 673 2165 884 2226; x_wconf 88' lang='lat' dir='ltr'>consulendum</span> <span class='ocrx_word' id='word_1_206' title='bbox 911 2164 1036 2244; x_wconf 89' lang='lat' dir='ltr'>putavit,</span> <span class='ocrx_word' id='word_1_207' title='bbox 1060 2183 1150 2244; x_wconf 90' lang='lat' dir='ltr'>eaque</span> <span class='ocrx_word' id='word_1_208' title='bbox 1176 2171 1221 2225; x_wconf 86' lang='lat' dir='ltr'>est</span> 
     </span>
     <span class='ocr_line' id='line_1_24' title="bbox 164 2249 1220 2328; baseline -0.002 -18"><span class='ocrx_word' id='word_1_209' title='bbox 164 2268 279 2310; x_wconf 88' lang='lat' dir='ltr'>summa</span> <span class='ocrx_word' id='word_1_210' title='bbox 299 2249 371 2309; x_wconf 85' lang='lat' dir='ltr'>ratio</span> <span class='ocrx_word' id='word_1_211' title='bbox 392 2256 421 2308; x_wconf 91' lang='lat' dir='ltr'>et</span> <span class='ocrx_word' id='word_1_212' title='bbox 439 2249 579 2328; x_wconf 90' lang='lat' dir='ltr'>sapientia</span> <span class='ocrx_word' id='word_1_213' title='bbox 599 2249 669 2311; x_wconf 93' lang='lat' dir='ltr'>boni</span> <span class='ocrx_word' id='word_1_214' title='bbox 690 2250 774 2324; x_wconf 83' lang='lat' dir='ltr'>ciris,</span> <span class='ocrx_word' id='word_1_215' title='bbox 795 2249 950 2311; x_wconf 88' lang='lat' dir='ltr'>commoda</span> <span class='ocrx_word' id='word_1_216' title='bbox 969 2249 1073 2310; x_wconf 89' lang='lat' dir='ltr'>civium</span> <span class='ocrx_word' id='word_1_217' title='bbox 1094 2266 1155 2309; x_wconf 93' lang='lat' dir='ltr'>non</span> <span class='ocrx_word' id='word_1_218' title='bbox 1176 2249 1220 2310; x_wconf 90' lang='lat' dir='ltr'>di-</span> 
     </span>
     <span class='ocr_line' id='line_1_25' title="bbox 163 2333 1221 2413; baseline 0.002 -21"><span class='ocrx_word' id='word_1_219' title='bbox 163 2334 267 2394; x_wconf 83' lang='lat' dir='ltr'>rellere</span> <span class='ocrx_word' id='word_1_220' title='bbox 287 2341 371 2411; x_wconf 90' lang='lat' dir='ltr'>atque</span> <span class='ocrx_word' id='word_1_221' title='bbox 391 2351 494 2394; x_wconf 90' lang='lat' dir='ltr'>omnes</span> <span class='ocrx_word' id='word_1_222' title='bbox 510 2334 652 2413; x_wconf 86' lang='lat' dir='ltr'>aequitate</span> <span class='ocrx_word' id='word_1_223' title='bbox 673 2336 772 2396; x_wconf 89' lang='lat' dir='ltr'>eadem</span> <span class='ocrx_word' id='word_1_224' title='bbox 790 2335 950 2395; x_wconf 91' lang='lat' dir='ltr'>continere.</span> <span class='ocrx_word' id='word_1_225' title='bbox 981 2333 1117 2394; x_wconf 90' lang='lat' dir='ltr'>Habitent</span> <span class='ocrx_word' id='word_1_226' title='bbox 1131 2334 1221 2413; x_wconf 83' lang='lat' dir='ltr'>gratis</span> 
     </span>
    </p>
   </div>
   <div class='ocr_carea' id='block_1_7' title="bbox 99 2517 1329 3934">
    <p class='ocr_par' dir='ltr' id='par_1_7' title="bbox 99 2517 1329 3934">
     <span class='ocr_line' id='line_1_26' title="bbox 163 2517 1133 2582; baseline -0.001 -12"><span class='ocrx_word' id='word_1_227' title='bbox 163 2521 257 2570; x_wconf 76' lang='lat' dir='ltr'>aiones.</span> <span class='ocrx_word' id='word_1_228' title='bbox 280 2517 325 2568; x_wconf 87' lang='lat' dir='ltr'>Die</span> <span class='ocrx_word' id='word_1_229' title='bbox 343 2517 489 2582; x_wconf 79' lang='lat' dir='ltr'>Flh&#39;chtigon</span> <span class='ocrx_word' id='word_1_230' title='bbox 508 2533 592 2570; x_wconf 49' lang='lat' dir='ltr'>claren</span> <span class='ocrx_word' id='word_1_231' title='bbox 610 2537 665 2570; x_wconf 88' lang='lat' dir='ltr'>zum</span> <span class='ocrx_word' id='word_1_232' title='bbox 720 2519 903 2572; x_wconf 86' lang='lat' dir='ltr'>Griechcnland</span> <span class='ocrx_word' id='word_1_233' title='bbox 916 2518 1045 2582; x_wconf 78' lang='lat' dir='ltr'>geschiclst</span> <span class='ocrx_word' id='word_1_234' title='bbox 1057 2520 1133 2569; x_wconf 89' lang='lat' dir='ltr'>hatte.</span> 
     </span>
     <span class='ocr_line' id='line_1_27' title="bbox 164 2585 1151 2653; baseline -0.002 -15"><span class='ocrx_word' id='word_1_235' title='bbox 164 2587 237 2638; x_wconf 87' lang='lat' dir='ltr'>Theil</span> <span class='ocrx_word' id='word_1_236' title='bbox 253 2588 330 2636; x_wconf 88' lang='lat' dir='ltr'>sehon</span> <span class='ocrx_word' id='word_1_237' title='bbox 352 2603 400 2638; x_wconf 91' lang='lat' dir='ltr'>vor</span> <span class='ocrx_word' id='word_1_238' title='bbox 416 2585 513 2637; x_wconf 79' lang='lat' dir='ltr'>lilinias</span> <span class='ocrx_word' id='word_1_239' title='bbox 531 2586 589 2638; x_wconf 85' lang='lat' dir='ltr'>Zeit</span> <span class='ocrx_word' id='word_1_240' title='bbox 606 2603 664 2638; x_wconf 92' lang='lat' dir='ltr'>ver·</span> <span class='ocrx_word' id='word_1_241' title='bbox 754 2587 794 2638; x_wconf 89' lang='lat'>83.</span> <span class='ocrx_word' id='word_1_242' title='bbox 820 2591 858 2640; x_wconf 83' lang='lat' dir='ltr'>dir</span> <span class='ocrx_word' id='word_1_243' title='bbox 870 2591 921 2638; x_wconf 86' lang='lat' dir='ltr'>iarn</span> <span class='ocrx_word' id='word_1_244' title='bbox 934 2587 1055 2638; x_wconf 75' lang='lat' dir='ltr'>ridemus:</span> <span class='ocrx_word' id='word_1_245' title='bbox 1072 2586 1096 2653; x_wconf 65' lang='grc' dir='ltr'>ξ.</span> <span class='ocrx_word' id='word_1_246' title='bbox 1111 2585 1151 2636; x_wconf 83' lang='lat'>29.</span> 
     </span>
     <span class='ocr_line' id='line_1_28' title="bbox 161 2655 1220 2723; baseline -0.002 -17"><span class='ocrx_word' id='word_1_247' title='bbox 161 2655 272 2716; x_wconf 83' lang='lat' dir='ltr'>trieben3</span> <span class='ocrx_word' id='word_1_248' title='bbox 292 2655 357 2706; x_wconf 89' lang='lat' dir='ltr'>Plut.</span> <span class='ocrx_word' id='word_1_249' title='bbox 370 2656 441 2706; x_wconf 79' lang='lat' dir='ltr'>Aret.</span> <span class='ocrx_word' id='word_1_250' title='bbox 455 2655 478 2705; x_wconf 88' lang='grc'>9.</span> <span class='ocrx_word' id='word_1_251' title='bbox 752 2655 973 2723; x_wconf 74' lang='lat' dir='ltr'>otqoererbindet</span> <span class='ocrx_word' id='word_1_252' title='bbox 985 2657 1056 2705; x_wconf 89' lang='lat' dir='ltr'>einen</span> <span class='ocrx_word' id='word_1_253' title='bbox 1069 2656 1220 2705; x_wconf 89' lang='lat' dir='ltr'>verneinen-</span> 
     </span>
     <span class='ocr_line' id='line_1_29' title="bbox 196 2723 1219 2790; baseline -0.001 -17"><span class='ocrx_word' id='word_1_254' title='bbox 196 2723 236 2773; x_wconf 81' lang='lat'>82.</span> <span class='ocrx_word' id='word_1_255' title='bbox 261 2723 605 2790; x_wconf 78' lang='lat' dir='ltr'>integrarrr‚d.i.intactam.</span> <span class='ocrx_word' id='word_1_256' title='bbox 720 2726 767 2775; x_wconf 91' lang='lat' dir='ltr'>den</span> <span class='ocrx_word' id='word_1_257' title='bbox 792 2724 852 2776; x_wconf 86' lang='lat' dir='ltr'>Satz</span> <span class='ocrx_word' id='word_1_258' title='bbox 879 2725 925 2773; x_wconf 88' lang='lat' dir='ltr'>mit</span> <span class='ocrx_word' id='word_1_259' title='bbox 952 2723 1031 2773; x_wconf 92' lang='lat' dir='ltr'>einem</span> <span class='ocrx_word' id='word_1_260' title='bbox 1057 2723 1219 2788; x_wconf 87' lang='lat' dir='ltr'>bcjnhenden,</span> 
     </span>
     <span class='ocr_line' id='line_1_30' title="bbox 195 2791 1223 2856; baseline -0.002 -14"><span class='ocrx_word' id='word_1_261' title='bbox 195 2793 312 2844; x_wconf 80' lang='lat' dir='ltr'>liberare.</span> <span class='ocrx_word' id='word_1_262' title='bbox 346 2791 400 2842; x_wconf 88' lang='lat' dir='ltr'>Zur</span> <span class='ocrx_word' id='word_1_263' title='bbox 420 2791 555 2855; x_wconf 72' lang='lat' dir='ltr'>belreiung</span> <span class='ocrx_word' id='word_1_264' title='bbox 576 2793 666 2856; x_wconf 71' lang='lat' dir='ltr'>gehiirt</span> <span class='ocrx_word' id='word_1_265' title='bbox 719 2807 792 2842; x_wconf 90' lang='lat' dir='ltr'>wenn</span> <span class='ocrx_word' id='word_1_266' title='bbox 815 2792 899 2842; x_wconf 88' lang='lat' dir='ltr'>dieser</span> <span class='ocrx_word' id='word_1_267' title='bbox 927 2808 959 2840; x_wconf 91' lang='lat' dir='ltr'>zu</span> <span class='ocrx_word' id='word_1_268' title='bbox 979 2792 1034 2841; x_wconf 90' lang='lat' dir='ltr'>dem</span> <span class='ocrx_word' id='word_1_269' title='bbox 1057 2797 1144 2841; x_wconf 87' lang='lat' dir='ltr'>ersten</span> <span class='ocrx_word' id='word_1_270' title='bbox 1169 2791 1223 2840; x_wconf 80' lang='lat' dir='ltr'>lxei-</span> 
     </span>
     <span class='ocr_line' id='line_1_31' title="bbox 99 2859 1220 2927; baseline -0.001 -17"><span class='ocrx_word' id='word_1_271' title='bbox 99 2876 102 2888; x_wconf 77' lang='grc'><strong><em>’</em></strong></span> <span class='ocrx_word' id='word_1_272' title='bbox 162 2861 230 2911; x_wconf 90' lang='lat' dir='ltr'>nicht</span> <span class='ocrx_word' id='word_1_273' title='bbox 241 2860 296 2911; x_wconf 91' lang='lat' dir='ltr'>blos</span> <span class='ocrx_word' id='word_1_274' title='bbox 308 2861 349 2910; x_wconf 89' lang='lat' dir='ltr'>dio</span> <span class='ocrx_word' id='word_1_275' title='bbox 363 2859 534 2924; x_wconf 74' lang='lat' dir='ltr'>Vertreibung</span> <span class='ocrx_word' id='word_1_276' title='bbox 553 2861 598 2910; x_wconf 89' lang='lat' dir='ltr'>des</span> <span class='ocrx_word' id='word_1_277' title='bbox 610 2860 673 2927; x_wconf 71' lang='lat' dir='ltr'>&#39;l&#39;y-‹</span> <span class='ocrx_word' id='word_1_278' title='bbox 720 2877 767 2911; x_wconf 90' lang='lat' dir='ltr'>nen</span> <span class='ocrx_word' id='word_1_279' title='bbox 781 2859 924 2923; x_wconf 83' lang='lat' dir='ltr'>Gegeosatz</span> <span class='ocrx_word' id='word_1_280' title='bbox 936 2859 1030 2922; x_wconf 90' lang='lat' dir='ltr'>bildet,</span> <span class='ocrx_word' id='word_1_281' title='bbox 1043 2860 1151 2916; x_wconf 81' lang='lat' dir='ltr'>sondern</span> <span class='ocrx_word' id='word_1_282' title='bbox 1165 2859 1220 2910; x_wconf 88' lang='lat' dir='ltr'>eine</span> 
     </span>
     <span class='ocr_line' id='line_1_32' title="bbox 162 2927 1220 2992; baseline -0.003 -13"><span class='ocrx_word' id='word_1_283' title='bbox 162 2945 269 2992; x_wconf 87' lang='lat' dir='ltr'>rannen,</span> <span class='ocrx_word' id='word_1_284' title='bbox 289 2929 397 2978; x_wconf 88' lang='lat' dir='ltr'>sondern</span> <span class='ocrx_word' id='word_1_285' title='bbox 415 2928 477 2978; x_wconf 89' lang='lat' dir='ltr'>auch</span> <span class='ocrx_word' id='word_1_286' title='bbox 493 2928 533 2977; x_wconf 87' lang='lat' dir='ltr'>die</span> <span class='ocrx_word' id='word_1_287' title='bbox 546 2927 666 2992; x_wconf 82' lang='lat' dir='ltr'>0rdnung</span> <span class='ocrx_word' id='word_1_288' title='bbox 719 2929 890 2992; x_wconf 78' lang='lat' dir='ltr'>Erla&#39;uterung</span> <span class='ocrx_word' id='word_1_289' title='bbox 905 2927 994 2991; x_wconf 59' lang='lat' dir='ltr'>glebis</span> <span class='ocrx_word' id='word_1_290' title='bbox 1014 2927 1103 2978; x_wconf 89' lang='lat' dir='ltr'>Parad.</span> <span class='ocrx_word' id='word_1_291' title='bbox 1123 2927 1169 2992; x_wconf 89' lang='lat' dir='ltr'>vl,</span> <span class='ocrx_word' id='word_1_292' title='bbox 1187 2927 1220 2977; x_wconf 83' lang='lat'>43</span> 
     </span>
     <span class='ocr_line' id='line_1_33' title="bbox 162 2995 1221 3065; baseline -0.001 -18"><span class='ocrx_word' id='word_1_293' title='bbox 162 2998 208 3047; x_wconf 87' lang='lat' dir='ltr'>der</span> <span class='ocrx_word' id='word_1_294' title='bbox 237 2997 325 3046; x_wconf 89' lang='lat' dir='ltr'>innern</span> <span class='ocrx_word' id='word_1_295' title='bbox 354 2996 597 3059; x_wconf 75' lang='lat' dir='ltr'>Angelegenheiten.</span> <span class='ocrx_word' id='word_1_296' title='bbox 638 2995 665 3046; x_wconf 90' lang='lat' dir='ltr'>ln</span> <span class='ocrx_word' id='word_1_297' title='bbox 719 3000 745 3047; x_wconf 83' lang='lat' dir='ltr'>ri</span> <span class='ocrx_word' id='word_1_298' title='bbox 765 3001 917 3048; x_wconf 79' lang='lat' dir='ltr'>testamento</span> <span class='ocrx_word' id='word_1_299' title='bbox 937 2998 1079 3048; x_wconf 73' lang='lat' dir='ltr'>amicorum</span> <span class='ocrx_word' id='word_1_300' title='bbox 1100 3001 1221 3065; x_wconf 71' lang='lat' dir='ltr'>expectas</span> 
     </span>
     <span class='ocr_line' id='line_1_34' title="bbox 161 3063 1222 3134; baseline -0.002 -18"><span class='ocrx_word' id='word_1_301' title='bbox 161 3067 255 3116; x_wconf 89' lang='lat' dir='ltr'>diesem</span> <span class='ocrx_word' id='word_1_302' title='bbox 271 3065 364 3115; x_wconf 85' lang='lat' dir='ltr'>weiten</span> <span class='ocrx_word' id='word_1_303' title='bbox 383 3063 459 3114; x_wconf 91' lang='lat' dir='ltr'>Sinne</span> <span class='ocrx_word' id='word_1_304' title='bbox 477 3065 545 3116; x_wconf 89' lang='lat' dir='ltr'>steht</span> <span class='ocrx_word' id='word_1_305' title='bbox 561 3065 616 3114; x_wconf 89' lang='lat' dir='ltr'>hier</span> <span class='ocrx_word' id='word_1_306' title='bbox 636 3064 665 3114; x_wconf 79' lang='lat' dir='ltr'>lt-</span> <span class='ocrx_word' id='word_1_307' title='bbox 718 3070 766 3116; x_wconf 84' lang='lat' dir='ltr'>aut</span> <span class='ocrx_word' id='word_1_308' title='bbox 779 3082 812 3115; x_wconf 81' lang='lat' dir='ltr'>rae</span> <span class='ocrx_word' id='word_1_309' title='bbox 830 3069 950 3133; x_wconf 66' lang='lat' dir='ltr'>aspectos</span> <span class='ocrx_word' id='word_1_310' title='bbox 968 3063 1222 3134; x_wconf 77' lang='lat' dir='ltr'>quidemotqueipse</span> 
     </span>
     <span class='ocr_line' id='line_1_35' title="bbox 162 3134 851 3202; baseline -0.003 -18"><span class='ocrx_word' id='word_1_311' title='bbox 162 3137 260 3185; x_wconf 82' lang='lat' dir='ltr'>derare.</span> <span class='ocrx_word' id='word_1_312' title='bbox 719 3134 851 3202; x_wconf 79' lang='lat' dir='ltr'>supponis.</span> 
     </span>
     <span class='ocr_line' id='line_1_36' title="bbox 196 3199 1219 3266; baseline -0.003 -13"><span class='ocrx_word' id='word_1_313' title='bbox 196 3217 300 3253; x_wconf 82' lang='lat' dir='ltr'>causam</span> <span class='ocrx_word' id='word_1_314' title='bbox 322 3202 464 3252; x_wconf 71' lang='lat' dir='ltr'>docudrret:</span> <span class='ocrx_word' id='word_1_315' title='bbox 485 3201 524 3252; x_wconf 89' lang='lat' dir='ltr'>die</span> <span class='ocrx_word' id='word_1_316' title='bbox 542 3201 665 3266; x_wconf 77' lang='lat' dir='ltr'>Sachlagc</span> <span class='ocrx_word' id='word_1_317' title='bbox 753 3203 871 3252; x_wconf 79' lang='lat' dir='ltr'>Habitent</span> <span class='ocrx_word' id='word_1_318' title='bbox 908 3201 1113 3252; x_wconf 67' lang='lat' dir='ltr'>radrdrah‘eao.</span> <span class='ocrx_word' id='word_1_319' title='bbox 1139 3199 1219 3250; x_wconf 88' lang='lat' dir='ltr'>Sohon</span> 
     </span>
     <span class='ocr_line' id='line_1_37' title="bbox 162 3269 1329 3333; baseline -0.002 -12"><span class='ocrx_word' id='word_1_320' title='bbox 162 3270 313 3332; x_wconf 85' lang='lat' dir='ltr'>dorstellon‚</span> <span class='ocrx_word' id='word_1_321' title='bbox 330 3270 371 3318; x_wconf 89' lang='lat' dir='ltr'>ein</span> <span class='ocrx_word' id='word_1_322' title='bbox 385 3270 520 3320; x_wconf 86' lang='lat' dir='ltr'>stehender</span> <span class='ocrx_word' id='word_1_323' title='bbox 531 3269 665 3320; x_wconf 80' lang='lat' dir='ltr'>Ausdrnck</span> <span class='ocrx_word' id='word_1_324' title='bbox 719 3271 751 3320; x_wconf 90' lang='lat' dir='ltr'>im</span> <span class='ocrx_word' id='word_1_325' title='bbox 764 3271 787 3323; x_wconf 82' lang='lat' dir='ltr'>J.</span> <span class='ocrx_word' id='word_1_326' title='bbox 802 3269 873 3333; x_wconf 73' lang='lat'>706(</span> <span class='ocrx_word' id='word_1_327' title='bbox 896 3270 924 3330; x_wconf 79' lang='lat'>8)</span> <span class='ocrx_word' id='word_1_328' title='bbox 942 3269 1044 3319; x_wconf 88' lang='lat' dir='ltr'>hrachte</span> <span class='ocrx_word' id='word_1_329' title='bbox 1057 3270 1102 3319; x_wconf 88' lang='lat' dir='ltr'>der</span> <span class='ocrx_word' id='word_1_330' title='bbox 1114 3269 1220 3320; x_wconf 85' lang='lat' dir='ltr'>Praetor</span> <span class='ocrx_word' id='word_1_331' title='bbox 1323 3287 1329 3296; x_wconf 59' lang='grc'><strong>“</strong></span> 
     </span>
     <span class='ocr_line' id='line_1_38' title="bbox 162 3335 1219 3401; baseline -0.002 -13"><span class='ocrx_word' id='word_1_332' title='bbox 162 3337 311 3388; x_wconf 87' lang='lat' dir='ltr'>namentlicb</span> <span class='ocrx_word' id='word_1_333' title='bbox 338 3337 378 3386; x_wconf 89' lang='lat' dir='ltr'>bei</span> <span class='ocrx_word' id='word_1_334' title='bbox 394 3337 579 3397; x_wconf 72' lang='lat' dir='ltr'>¹perichtlichen</span> <span class='ocrx_word' id='word_1_335' title='bbox 598 3338 664 3390; x_wconf 89' lang='lat' dir='ltr'>Ver·</span> <span class='ocrx_word' id='word_1_336' title='bbox 719 3337 753 3388; x_wconf 90' lang='lat' dir='ltr'>M.</span> <span class='ocrx_word' id='word_1_337' title='bbox 771 3337 872 3388; x_wconf 83' lang='lat' dir='ltr'>Caelius</span> <span class='ocrx_word' id='word_1_338' title='bbox 893 3336 972 3387; x_wconf 82' lang='lat' dir='ltr'>nulus</span> <span class='ocrx_word' id='word_1_339' title='bbox 993 3338 1033 3387; x_wconf 89' lang='lat' dir='ltr'>ein</span> <span class='ocrx_word' id='word_1_340' title='bbox 1056 3335 1149 3389; x_wconf 87' lang='lat' dir='ltr'>Gesetz</span> <span class='ocrx_word' id='word_1_341' title='bbox 1171 3337 1219 3401; x_wconf 88' lang='lat' dir='ltr'>ein,</span> 
     </span>
     <span class='ocr_line' id='line_1_39' title="bbox 162 3404 1220 3469; baseline 0 -15"><span class='ocrx_word' id='word_1_342' title='bbox 162 3405 329 3467; x_wconf 82' lang='lat' dir='ltr'>handlnngen.</span> <span class='ocrx_word' id='word_1_343' title='bbox 719 3407 763 3456; x_wconf 87' lang='lat' dir='ltr'>das</span> <span class='ocrx_word' id='word_1_344' title='bbox 776 3405 825 3456; x_wconf 84' lang='lat' dir='ltr'>alle</span> <span class='ocrx_word' id='word_1_345' title='bbox 837 3405 1017 3469; x_wconf 79' lang='lat' dir='ltr'>Fordcrungen</span> <span class='ocrx_word' id='word_1_346' title='bbox 1029 3421 1075 3454; x_wconf 89' lang='lat' dir='ltr'>ons</span> <span class='ocrx_word' id='word_1_347' title='bbox 1087 3404 1220 3455; x_wconf 85' lang='lat' dir='ltr'>lanienden</span> 
     </span>
     <span class='ocr_line' id='line_1_40' title="bbox 195 3471 1220 3539; baseline 0 -17"><span class='ocrx_word' id='word_1_348' title='bbox 195 3471 293 3538; x_wconf 71' lang='lat' dir='ltr'>grarrdr&#39;</span> <span class='ocrx_word' id='word_1_349' title='bbox 301 3476 418 3539; x_wconf 81' lang='lat' dir='ltr'>pecunia.</span> <span class='ocrx_word' id='word_1_350' title='bbox 437 3472 664 3524; x_wconf 85' lang='lat' dir='ltr'>PtolomaeusPhi-</span> <span class='ocrx_word' id='word_1_351' title='bbox 719 3472 894 3524; x_wconf 86' lang='lat' dir='ltr'>liausmiethen</span> <span class='ocrx_word' id='word_1_352' title='bbox 917 3475 1035 3537; x_wconf 88' lang='lat' dir='ltr'>cassirte‚</span> <span class='ocrx_word' id='word_1_353' title='bbox 1060 3474 1139 3536; x_wconf 80' lang='lat' dir='ltr'>dreng</span> <span class='ocrx_word' id='word_1_354' title='bbox 1158 3474 1220 3523; x_wconf 88' lang='lat' dir='ltr'>aber</span> 
     </span>
     <span class='ocr_line' id='line_1_41' title="bbox 163 3540 1219 3606; baseline 0 -14"><span class='ocrx_word' id='word_1_355' title='bbox 163 3540 295 3606; x_wconf 87' lang='lat' dir='ltr'>ladelpbns</span> <span class='ocrx_word' id='word_1_356' title='bbox 323 3541 370 3604; x_wconf 82' lang='lat' dir='ltr'>gab</span> <span class='ocrx_word' id='word_1_357' title='bbox 399 3541 447 3591; x_wconf 89' lang='lat' dir='ltr'>ihm</span> <span class='ocrx_word' id='word_1_358' title='bbox 479 3541 527 3590; x_wconf 78' lang='lat' dir='ltr'>loo</span> <span class='ocrx_word' id='word_1_359' title='bbox 551 3540 664 3605; x_wconf 75' lang='lat' dir='ltr'>&#39;salente²</span> <span class='ocrx_word' id='word_1_360' title='bbox 719 3541 796 3591; x_wconf 87' lang='lat' dir='ltr'>darnit</span> <span class='ocrx_word' id='word_1_361' title='bbox 812 3541 981 3602; x_wconf 83' lang='lat' dir='ltr'>nichtdnrch3</span> <span class='ocrx_word' id='word_1_362' title='bbox 999 3542 1219 3606; x_wconf 83' lang='lat' dir='ltr'>ehensowenigirn</span> 
     </span>
     <span class='ocr_line' id='line_1_42' title="bbox 162 3607 1218 3674; baseline 0.001 -15"><span class='ocrx_word' id='word_1_363' title='bbox 162 3609 239 3668; x_wconf 85' lang='lat' dir='ltr'>theiis</span> <span class='ocrx_word' id='word_1_364' title='bbox 252 3607 310 3657; x_wconf 90' lang='lat' dir='ltr'>weil</span> <span class='ocrx_word' id='word_1_365' title='bbox 323 3609 371 3657; x_wconf 88' lang='lat' dir='ltr'>ihm</span> <span class='ocrx_word' id='word_1_366' title='bbox 384 3609 461 3659; x_wconf 88' lang='lat' dir='ltr'>daran</span> <span class='ocrx_word' id='word_1_367' title='bbox 474 3609 516 3674; x_wconf 84' lang='lat' dir='ltr'>lag</span> <span class='ocrx_word' id='word_1_368' title='bbox 528 3609 567 3658; x_wconf 88' lang='lat' dir='ltr'>die</span> <span class='ocrx_word' id='word_1_369' title='bbox 581 3607 664 3659; x_wconf 86' lang='lat' dir='ltr'>blace-</span> <span class='ocrx_word' id='word_1_370' title='bbox 719 3609 852 3672; x_wconf 79' lang='lat' dir='ltr'>folgenden</span> <span class='ocrx_word' id='word_1_371' title='bbox 865 3609 941 3659; x_wconf 82' lang='lat' dir='ltr'>Jahre</span> <span class='ocrx_word' id='word_1_372' title='bbox 957 3610 1003 3659; x_wconf 88' lang='lat' dir='ltr'>der</span> <span class='ocrx_word' id='word_1_373' title='bbox 1013 3608 1107 3659; x_wconf 81' lang='lat' dir='ltr'>&#39;l&#39;rihun</span> <span class='ocrx_word' id='word_1_374' title='bbox 1125 3609 1152 3659; x_wconf 94' lang='lat' dir='ltr'>P.</span> <span class='ocrx_word' id='word_1_375' title='bbox 1166 3610 1218 3660; x_wconf 89' lang='lat' dir='ltr'>Do-</span> 
     </span>
     <span class='ocr_line' id='line_1_43' title="bbox 161 3675 1218 3744; baseline 0 -16"><span class='ocrx_word' id='word_1_376' title='bbox 161 3679 250 3728; x_wconf 88' lang='lat' dir='ltr'>donier</span> <span class='ocrx_word' id='word_1_377' title='bbox 261 3692 307 3726; x_wconf 86' lang='lat' dir='ltr'>ans</span> <span class='ocrx_word' id='word_1_378' title='bbox 320 3677 376 3726; x_wconf 89' lang='lat' dir='ltr'>dem</span> <span class='ocrx_word' id='word_1_379' title='bbox 387 3676 543 3743; x_wconf 89' lang='lat' dir='ltr'>Peloponnes</span> <span class='ocrx_word' id='word_1_380' title='bbox 562 3693 594 3726; x_wconf 87' lang='lat' dir='ltr'>zu</span> <span class='ocrx_word' id='word_1_381' title='bbox 606 3693 665 3727; x_wconf 87' lang='lat' dir='ltr'>ver·</span> <span class='ocrx_word' id='word_1_382' title='bbox 718 3678 811 3729; x_wconf 87' lang='lat' dir='ltr'>labella</span> <span class='ocrx_word' id='word_1_383' title='bbox 823 3675 1004 3741; x_wconf 85' lang='lat' dir='ltr'>(Mommsenlll</span> <span class='ocrx_word' id='word_1_384' title='bbox 1012 3695 1034 3744; x_wconf 89' lang='lat' dir='ltr'>p.</span> <span class='ocrx_word' id='word_1_385' title='bbox 1041 3678 1134 3740; x_wconf 74' lang='lat' dir='ltr'>437i.).</span> <span class='ocrx_word' id='word_1_386' title='bbox 1148 3679 1218 3728; x_wconf 79' lang='lat' dir='ltr'>buch</span> 
     </span>
     <span class='ocr_line' id='line_1_44' title="bbox 162 3743 1218 3810; baseline 0 -14"><span class='ocrx_word' id='word_1_387' title='bbox 162 3747 281 3810; x_wconf 68' lang='lat' dir='ltr'>dr&#39;aingen</span> <span class='ocrx_word' id='word_1_388' title='bbox 295 3759 335 3795; x_wconf 90' lang='lat' dir='ltr'>um</span> <span class='ocrx_word' id='word_1_389' title='bbox 349 3744 430 3794; x_wconf 89' lang='lat' dir='ltr'>selbst</span> <span class='ocrx_word' id='word_1_390' title='bbox 442 3746 500 3796; x_wconf 89' lang='lat' dir='ltr'>dort</span> <span class='ocrx_word' id='word_1_391' title='bbox 512 3745 621 3796; x_wconf 85' lang='lat' dir='ltr'>Einlluss</span> <span class='ocrx_word' id='word_1_392' title='bbox 634 3762 666 3794; x_wconf 91' lang='lat' dir='ltr'>zu</span> <span class='ocrx_word' id='word_1_393' title='bbox 721 3746 814 3796; x_wconf 87' lang='lat' dir='ltr'>Cacsar</span> <span class='ocrx_word' id='word_1_394' title='bbox 825 3746 871 3809; x_wconf 80' lang='lat' dir='ltr'>gab</span> <span class='ocrx_word' id='word_1_395' title='bbox 884 3743 1032 3798; x_wconf 73' lang='lat' dir='ltr'>aui-hoster</span> <span class='ocrx_word' id='word_1_396' title='bbox 1046 3747 1091 3796; x_wconf 88' lang='lat' dir='ltr'>der</span> <span class='ocrx_word' id='word_1_397' title='bbox 1103 3745 1218 3796; x_wconf 87' lang='lat' dir='ltr'>Hausbe-</span> 
     </span>
     <span class='ocr_line' id='line_1_45' title="bbox 163 3812 1222 3878; baseline 0 -14"><span class='ocrx_word' id='word_1_398' title='bbox 163 3815 306 3878; x_wconf 76' lang='lat' dir='ltr'>gamunan,</span> <span class='ocrx_word' id='word_1_399' title='bbox 320 3812 395 3863; x_wconf 89' lang='lat' dir='ltr'>theiis</span> <span class='ocrx_word' id='word_1_400' title='bbox 407 3813 466 3863; x_wconf 83' lang='lat' dir='ltr'>weil</span> <span class='ocrx_word' id='word_1_401' title='bbox 479 3814 527 3864; x_wconf 90' lang='lat' dir='ltr'>ihm</span> <span class='ocrx_word' id='word_1_402' title='bbox 539 3813 602 3864; x_wconf 81' lang='lat' dir='ltr'>Arat</span> <span class='ocrx_word' id='word_1_403' title='bbox 613 3813 667 3863; x_wconf 85' lang='lat' dir='ltr'>lrii·</span> <span class='ocrx_word' id='word_1_404' title='bbox 721 3816 801 3864; x_wconf 85' lang='lat' dir='ltr'>sitzer</span> <span class='ocrx_word' id='word_1_405' title='bbox 822 3815 868 3864; x_wconf 90' lang='lat' dir='ltr'>den</span> <span class='ocrx_word' id='word_1_406' title='bbox 890 3815 1004 3864; x_wconf 86' lang='lat' dir='ltr'>hicinern</span> <span class='ocrx_word' id='word_1_407' title='bbox 1026 3814 1152 3864; x_wconf 87' lang='lat' dir='ltr'>hliethcrn</span> <span class='ocrx_word' id='word_1_408' title='bbox 1176 3815 1222 3866; x_wconf 87' lang='lat' dir='ltr'>aul</span> 
     </span>
     <span class='ocr_line' id='line_1_46' title="bbox 135 3879 1218 3934; baseline 0.001 -2"><span class='ocrx_word' id='word_1_409' title='bbox 135 3915 137 3920; x_wconf 68' lang='lat'>,</span> <span class='ocrx_word' id='word_1_410' title='bbox 162 3884 207 3932; x_wconf 90' lang='lat' dir='ltr'>her</span> <span class='ocrx_word' id='word_1_411' title='bbox 223 3882 290 3934; x_wconf 70' lang='lat' dir='ltr'>tilher</span> <span class='ocrx_word' id='word_1_412' title='bbox 308 3881 459 3932; x_wconf 78' lang='lat' dir='ltr'>wex&#39;thvolle</span> <span class='ocrx_word' id='word_1_413' title='bbox 479 3879 600 3932; x_wconf 77' lang='lat' dir='ltr'>Gemdlde</span> <span class='ocrx_word' id='word_1_414' title='bbox 621 3896 666 3933; x_wconf 85' lang='lat' dir='ltr'>ans</span> <span class='ocrx_word' id='word_1_415' title='bbox 722 3883 762 3934; x_wconf 88' lang='lat' dir='ltr'>ein</span> <span class='ocrx_word' id='word_1_416' title='bbox 783 3883 843 3933; x_wconf 85' lang='lat' dir='ltr'>lahr</span> <span class='ocrx_word' id='word_1_417' title='bbox 864 3881 1064 3933; x_wconf 86' lang='lat' dir='ltr'>Miethslreiheil.</span> <span class='ocrx_word' id='word_1_418' title='bbox 1089 3882 1159 3933; x_wconf 83' lang='lat' dir='ltr'>Coss.</span> <span class='ocrx_word' id='word_1_419' title='bbox 1172 3884 1218 3933; x_wconf 90' lang='lat' dir='ltr'>Dio</span> 
     </span>
    </p>
   </div>
   <div class='ocr_carea' id='block_1_8' title="bbox 0 0 1402 4486">
    <p class='ocr_par' dir='ltr' id='par_1_8' title="bbox 0 0 1402 4486">
     <span class='ocr_line' id='line_1_47' title="bbox 0 0 1402 4486; baseline 0 0"><span class='ocrx_word' id='word_1_420' title='bbox 0 0 1402 4486; x_wconf 95' lang='lat' dir='ltr'> </span> 
     </span>
    </p>
   </div>
  </div>
 </body>
</html>
