2718 4484
457 311 459 316 .
501 277 614 332 mum
642 277 711 330 cnr.
726 278 765 329 rs.
1101 275 1160 340 187
1209 333 1212 340 .

99 436 166 505 aut,
188 446 255 491 eum
275 428 381 492 dicitur
395 449 487 504 rnrnn
503 449 599 492 nonos
615 449 693 492 enne
708 449 810 505 seran,
829 430 984 510 quicquam
1000 429 1045 508 agi
1061 431 1162 494 dolose
1219 463 1225 473 .

100 522 154 577 aut
175 513 319 576 malitiose
337 513 457 595 potest?
486 517 576 578 Dolus
593 525 689 579 autem
704 515 843 578 malmin
858 515 1056 589 simulatione,
1076 524 1109 578 ut
1124 516 1162 578 ait

97 599 249 681 Aquilius,
269 601 442 662 continetur.
474 602 651 664 Tollendum
671 610 715 663 est
728 601 817 681 igitur
831 621 865 662 ex
879 600 967 662 rebus
983 603 1161 662 contrahen-

98 686 148 748 dis
166 703 254 746 omne
269 687 461 748 mendacium.
492 688 559 763 Non
573 687 767 750 illicitatorem
782 687 926 748 venditor:
949 703 1009 746 non
1026 686 1075 766 qui
1089 704 1162 747 con-

97 780 148 833 tra
164 790 196 832 se
211 771 329 832 liceatur
339 780 457 851 emptor
467 781 604 852 apponet.
630 773 765 853 Uterque,
781 773 806 833 si
818 773 854 834 ad
866 772 1061 850 eloquendum
1073 789 1162 833 vene·

96 858 153 930 rit,
174 873 236 917 non
250 855 315 936 plus
332 874 420 936 quarn
437 859 526 920 semel
541 858 701 940 eloquetur.
733 859 767 932 Q.
785 858 902 938 quidem
919 857 1055 920 Scaevola
1069 857 1102 918 P.
1118 857 1161 932 F,
1183 867 1214 917 62

98 961 173 1003 cum
193 941 371 1020 postulasset
390 950 423 1003 ut
443 943 498 1004 sibi
518 944 641 1018 fundus,
662 943 743 1005 cuius
763 951 879 1030 emptor
893 949 966 1015 erat,
982 942 1071 1002 semel
1086 943 1163 1003 indi-

98 1033 218 1089 caretur
230 1026 318 1106 idque
332 1026 465 1089 venditor
484 1029 524 1090 ita
543 1029 671 1104 fecisset,
692 1027 763 1090 dixit
777 1047 808 1089 se
823 1027 915 1108 pluris
928 1027 1094 1089 aestimare:
1110 1029 1163 1089 ad-

98 1112 177 1187 didit
202 1118 319 1173 centum
343 1112 429 1174 milia.
464 1113 557 1174 Nemo
583 1113 701 1194 estqui
721 1113 779 1174 hoo
797 1113 850 1174 viri
868 1112 939 1174 honi
958 1112 1049 1173 inisse
1068 1121 1163 1190 neget,

98 1197 244 1277 sapientis
259 1205 375 1275 negant,
391 1206 423 1260 ut
439 1199 464 1258 si
479 1199 603 1260 minoris
616 1193 706 1278 quam
718 1199 862 1278 potuisset
873 1198 1058 1260 vendidisset.
1087 1197 1165 1258 Haec

97 1283 191 1362 igitur
205 1290 250 1342 est
264 1281 310 1343 illa
323 1283 481 1362 pernicies,
503 1285 581 1364 quod
597 1285 669 1345 alios
684 1284 794 1357 bonos,
815 1283 885 1344 alios
903 1283 1047 1362 sapientes
1063 1283 1163 1344 existi-

98 1374 194 1428 mant.
231 1367 274 1428 Ex
290 1386 348 1446 quo
362 1368 491 1429 Ennius:
516 1365 708 1449 ‘nequiquam
727 1387 829 1447 sapere
845 1369 1021 1447 sapientem,
1037 1369 1085 1448 qui
1100 1368 1163 1446 ipse

24 1479 26 1486 ·
99 1452 159 1514 sibi
174 1453 318 1532 prodesse
331 1471 393 1514 non
410 1453 522 1533 quiret’
550 1452 623 1515 Vere
638 1455 667 1516 id
684 1453 815 1533 quidem,
838 1453 862 1514 si
880 1454 949 1532 quid
965 1461 1041 1514 esset
1056 1454 1163 1532 ‘prod-

99 1537 183 1600 esse'
199 1537 271 1598 mihi
287 1545 353 1598 cunt
371 1539 468 1600 Ennio
481 1540 657 1601 conveniret.
685 1539 863 1600 Hecatonem
875 1538 993 1618 quidem
1004 1538 1162 1612 Rhodium,
1184 1551 1216 1601 63

99 1623 281 1703 discipulum
296 1623 437 1698 Panaetii,
456 1625 539 1686 rideo
561 1624 760 1706 iniislihris,
783 1643 857 1704 quos
873 1624 909 1684 de
924 1624 1021 1684 cilicio
1037 1623 1164 1702 scripsit,

68 1781 74 1786 ι
101 1709 138 1783 Q.
161 1709 310 1770 Tuberoni
334 1709 429 1770 dicere
455 1710 619 1789 ‘sapientis
635 1729 701 1770 esse
721 1709 793 1771 nihil
816 1717 917 1771 contra
940 1727 1053 1782 mores,
1077 1709 1163 1786 leges

99 1794 236 1856 instituta
254 1793 409 1855 'facientem
431 1794 538 1856 hahere
556 1795 701 1857 rationem
715 1795 758 1856 rei
772 1794 929 1856 familiaris
965 1793 1066 1872 Neque
1086 1793 1164 1854 enlm

101 1880 201 1941 solum
216 1879 303 1941 nohis
320 1879 421 1942 divites
437 1899 502 1942 esse
518 1875 668 1954 volumus,
686 1882 740 1942 secl
755 1879 862 1954 liberis,
885 1879 1072 1959 propinquis,
1089 1879 1163 1968 anri-

137 2031 196 2085 Non
204 2031 375 2084 illicitatorem
382 2031 606 2085 venditornoncet.
661 2034 706 2082 der
722 2032 788 2083 Einl.
806 2049 829 2098 p.
847 2032 863 2082 6
879 2031 1027 2095 angeliihrte
1040 2030 1120 2081 Stelle
1132 2031 1164 2080 ed

103 2101 189 2152 Sowie
203 2101 249 2150 der
258 2100 389 2152 illicitator
399 2102 476 2151 durch
486 2102 539 2151 sein
549 2102 607 2152 Bie·
661 2098 737 2151 httio.
750 2101 809 2164 XV,
824 2099 882 2150 tes.
1145 2142 1147 2146 .

100 2176 146 2219 ten
167 2167 252 2218 Andre
274 2183 330 2219 zum
348 2168 434 2219 Bieten
455 2171 607 2220 anznreizen
696 2168 724 2234 Q.
736 2169 827 2220 Aelius
839 2167 937 2220 Tubero
950 2182 1004 2217 war
1012 2167 1119 2218 Praetor
1131 2167 1165 2216 im·

101 2239 176 2288 sucht
193 2237 243 2288 und
260 2235 437 2300 ndthigeul'ulls
447 2237 501 2287 eine
512 2253 544 2286 zu
554 2239 607 2288 nie·
661 2235 683 2286 l.
697 2235 744 2286 631
760 2235 836 2299 (123),
850 2236 968 2286 nnchdem
980 2251 1009 2284 er
1021 2236 1098 2284 sehon
1111 2235 1164 2284 ein-

81 2322 84 2327 ·
101 2306 159 2368 drig
175 2306 344 2367 weggehende
357 2303 436 2354 Sache
454 2307 509 2356 dem
520 2306 608 2356 Besiz-
661 2295 766 2354 malhei
783 2305 829 2353 der
839 2303 996 2366 Bewerbnng
1007 2302 1165 2365 durchgelal·

101 2389 150 2423 zer
163 2372 361 2436 znriiclrersteht,
375 2389 403 2423 so
415 2374 487 2424 sucht
496 2375 542 2424 der
550 2389 608 2426 vom
661 2372 702 2421 len
718 2387 785 2438 war,
800 2371 861 2420 weil
878 2387 907 2420 er
924 2371 976 2420 sich
995 2371 1072 2420 durch
1089 2369 1164 2419 iiber-

100 2440 202 2492 }liiul'er
214 2440 330 2491 bestellte
346 2446 435 2501 contra
451 2441 541 2505 licens,
563 2443 608 2492 der
661 2439 774 2490 triebene
788 2439 959 2505 Sparsamkeit
980 2438 1021 2487 bei
1038 2438 1092 2487 dem
1104 2437 1164 2487 Lei·

71 2508 77 2516 ”
102 2508 283 2560 scheinberals
292 2508 491 2574 dessenGegner
500 2509 607 2575 auitdtt,
662 2507 894 2572 chenbeg'ingnisse
905 2506 987 2557 seines
1001 2506 1108 2571 Obsius,
1119 2505 1163 2555 des

103 2578 181 2627 durch
199 2577 252 2626 sein
264 2577 352 2627 Bieten
365 2579 494 2628 entweder
505 2577 607 2628 Andere
658 2575 1042 2640 jiingernhlricnnus,verhasst
1051 2576 1166 2638 gemacht

102 2645 306 2702 abzuschrecken
324 2645 385 2696 oder
401 2647 440 2696 die
457 2645 606 2696 Erwartun-
660 2647 743 2706 hatte;
767 2643 956 2710 preliandi,
976 2643 1034 2692 rsr.
1063 2643 1099 2692 Er
1111 2656 1165 2692 war
1208 2655 1213 2662 ·

43 2765 46 2771 ,
103 2721 153 2777 gen
177 2713 221 2763 des
241 2712 398 2765 Verlrliulers
423 2715 606 2764 herahznstim-
660 2709 1165 2763 mitPanaetinsbeireundetnndnlseii-

102 2797 167 2832 men.
661 2781 731 2844 rigor
742 2779 876 2844 Anh‘ainger
897 2781 942 2830 der
959 2779 1021 2829 Stoa
1041 2779 1163 2840 bekannt3

137 2849 173 2900 ad
184 2849 357 2916 eloquendum,
375 2866 422 2900 zur
433 2849 607 2900 Preisbcstim-
661 2850 731 2899 Brut.
749 2848 790 2913 31,
810 2848 857 2897 117
875 2851 929 2899 cita
944 2863 1048 2899 secerm
1065 2853 1091 2898 et
1106 2861 1165 2898 cou-

103 2931 186 2981 mong.
658 2933 758 2984 greeae
772 2933 829 2968 eum
841 2933 871 2967 ea
882 2915 1022 2984 discipline,
1037 2933 1113 2983 quam
1125 2931 1165 2966 ec·

138 2985 180 3036 62.
202 2985 231 3048 Q.
248 2985 350 3037 Materies
366 2985 495 3038 Scaevola.
517 2987 548 3036 Ρ.
560 2985 607 3038 n:
661 2985 734 3052 ledet,
744 2985 830 3052 paullo
843 2989 920 3036 elium
931 2986 1030 3037 durior.

19 3125 20 3128 Ἴ
104 3053 249 3119 1,32,116.
268 3092 275 3096 .
695 3057 819 3122 sepientis
836 3071 900 3104 esse.
930 3053 981 3103 Cic.
1000 3053 1098 3104 erhliirt
1114 3054 1166 3104 sich

137 3121 242 3174 Errare.
259 3123 312 3173 Ans
324 3122 356 3173 ad
368 3122 443 3174 tamn.
452 3121 503 3187 Vll,
517 3121 533 3172 6
546 3123 610 3174 sicht
662 3138 710 3172 nur
722 3124 842 3186 dagcgen,
860 3123 918 3172 dass
931 3122 970 3172 die
983 3117 1066 3172 wahre
1077 3121 1168 3174 Weis.

104 3193 173 3254 man,
195 3191 254 3241 dass
272 3193 317 3241 der
332 3189 398 3241 Vers
414 3192 438 3241 in
456 3191 501 3242 dor
519 3191 609 3242 Medea
662 3191 723 3244 hott,
731 3189 787 3240 bles
804 3191 829 3239 in
842 3191 887 3240 der
899 3190 979 3254 Sorge
991 3189 1033 3239 hir
1043 3191 1088 3240 das
1100 3190 1166 3242 Ver-

106 3259 178 3309 staod
194 3260 244 3309 und
262 3274 290 3310 so
303 3259 410 3322 lautete:
428 3262 472 3326 qui
488 3257 544 3329 ipre
560 3262 610 3311 eidi
661 3259 880 3322 mligenhestehen
891 3259 948 3309 soll.
968 3257 1166 3310 DieVorschrii-

105 3324 207 3396 sapidas
223 3327 346 3395 prodesse
363 3323 416 3380 ado
438 3331 503 3394 quit,
521 3331 608 3396 nequi-
661 3335 705 3377 ten
722 3326 803 3377 selhst
818 3327 888 3389 glebt
908 3341 937 3376 er
953 3324 1000 3391 l§.
1016 3325 1063 3376 148
1083 3328 1133 3376 und
1144 3325 1165 3376 ll

105 3393 183 3462 purim
198 3399 275 3464 sapit,
294 3395 350 3447 aine
366 3395 541 3460 Nachahmnng
558 3413 607 3448 von
663 3395 686 3460 ξ.
699 3393 732 3444 al
745 3395 846 3444 ehenso.
1048 3405 1052 3409 ·

105 3461 237 3530 Euripides
257 3463 334 3532 μισῶ
357 3459 508 3534 σοφιστήν,
532 3459 609 3522 ὅστις
697 3462 1165 3529 Nequeerint-essevolumushus

107 3524 139 3582 οὐ
169 3526 245 3598 αὐτῷ
258 3526 356 3602 σοφός.
663 3532 708 3581 der
725 3531 806 3581 oratio
820 3529 920 3596 obliqua
932 3529 996 3581 wird
1008 3531 1127 3596 pllitzlich
1140 3531 1165 3580 in

135 3549 181 3651 hd.
199 3599 305 3652 Hecate.-
327 3615 348 3650 s.
362 3617 384 3650 z.
399 3601 422 3666 ξ.
435 3601 475 3652 89.
662 3599 701 3649 die
714 3606 784 3650 recta
793 3598 997 3663 iibergegangen,
1010 3597 1163 3665 vgl.§.103.

139 3667 170 3719 de
188 3668 285 3736 osficm.
316 3667 349 3720 So
371 3669 451 3720 haben
472 3670 512 3720 die
532 3669 606 3720 Hdss.
662 3667 712 3718 Des
725 3666 1164 3731 Umgelrehrtefindetstattdeorat.

106 3735 157 3786 ner
172 3735 242 3786 Titel
255 3753 304 3786 von
321 3737 455 3788 Panaetius
471 3739 537 3788 Bueh
555 3753 608 3788 war
661 3734 678 3800 l,
691 3735 730 3802 54,
743 3735 790 3785 231
805 3736 857 3802 sed,
869 3738 959 3802 inquil,
974 3736 1107 3785 uiuendi
1115 3736 1165 3786 cal-

19 3811 20 3876 }
107 3804 171 3873 περὶ
187 3799 370 3870 καθήκοντος.
397 3805 420 3872 ξ.
433 3806 465 3858 89
477 3807 608 3856 iihersetzt
661 3819 719 3854 ceos
729 3801 760 3852 Si
793 3807 865 3854 onies
877 3805 1008 3856 attulisses
1019 3819 1070 3854 non
1078 3808 1166 3856 uterer

107 3870 156 3923 Cic.
170 3873 224 3924 dies
237 3871 438 3941 deqfficiisdem
447 3874 607 3926 Titelseincs
660 3871 772 3935 esicii
835 3876 974 3928 medonem
983 3872 1167 3924 discalciandi

98 3939 185 3992 'Bnehs
198 3944 389 4008 anteprechend.
413 3943 482 3994 Doeh
494 3958 515 3994 s.
529 3944 569 3994 die
582 3943 608 3993 in
661 3944 688 3991 et
698 3943 840 3992 oratoriam
851 3940 938 4012 rideri.
