2774 4482
488 264 785 328 mutuantem.
1127 277 1163 338 dt

101 431 532 513 losopbilongequepn'noipes
545 438 573 492 et
583 430 704 510 quidam
714 419 956 491 bomines'sereri
965 441 1102 509 etgraves
1113 447 1169 491 nec

102 518 209 599 populi
220 535 274 578 neo
284 516 452 596 principum
462 535 562 577 mores
573 517 649 578 terre
658 522 818 594 potuemnt
827 513 1018 594 vixeruntque
1027 533 1088 576 non
1098 514 1169 576 nulli

102 604 135 665 in
148 603 226 682 agris
239 601 371 664 delectati
384 619 417 662 re
431 621 484 662 sua
497 600 638 662 familiari.
669 600 808 662 Hisidem
823 601 1012 679 propositum
1022 601 1077 662 luit
1087 601 1167 680 quod
1190 607 1222 658 70

101 689 235 768 regibus,
249 695 282 750 ut
292 705 329 748 ne
341 705 398 766 qaia
409 705 441 748 re
452 693 579 765 egerent,
594 705 631 746 ne
643 685 689 747 cui
698 693 846 765 parerent,
862 685 993 747 libertate
1003 692 1168 747 uterentur:

106 775 193 837 euius
208 773 365 852 proprium
380 779 424 832 est
439 771 482 832 sic
496 772 602 845 vivere,
622 777 656 831 ut
675 771 757 832 velis.
788 772 852 844 Qua
870 789 904 830 re
924 789 992 832 oum
1011 772 1069 832 hoc
1083 789 1168 832 com·
1185 768 1226 827 21

104 877 199 920 mune
214 859 251 919 sit
265 857 412 936 potentiae
427 855 602 935 cupidorum
619 875 686 917 oum
701 855 751 930 iis,
766 873 842 934 quos
858 855 930 928 dixi,
952 856 1069 928 otiosis,
1088 855 1171 916 alteri

106 965 139 1006 se
155 942 276 1022 adipisci
295 943 326 1003 id
340 961 431 1021 posse
445 941 636 1014 arbitrantur,
658 941 683 1002 si
698 959 771 1020 opes
787 958 910 1018 magnas
923 939 1062 1013 habeant,
1081 939 1171 1012 alteri,

107 1028 133 1092 si
149 1029 280 1090 contenti
296 1027 355 1089 sint
369 1035 398 1088 et
412 1045 468 1091 suo
483 1035 511 1087 et
524 1046 625 1106 parvo.
651 1025 685 1086 ln
700 1045 758 1104 quo
774 1032 947 1087 neutrorum
958 1025 1081 1086 omnino
1098 1042 1171 1086 con-

67 1111 73 1117 ’
105 1113 263 1176 temnenda
283 1113 426 1174 sententia
446 1120 505 1185 est,
530 1113 584 1174 scd
603 1119 632 1172 et
650 1111 764 1172 facilior
783 1119 812 1171 et
829 1111 922 1172 tutior
941 1117 970 1171 et
989 1110 1088 1172 minus
1107 1109 1170 1170 aliis

51 1222 56 1229 ’
107 1198 205 1280 gravis
220 1206 269 1259 aut
282 1198 407 1260 molesta
423 1197 479 1258 vita
500 1206 546 1258 est
561 1197 742 1270 otiosorum,
764 1187 944 1258 fructuosior
958 1204 1055 1257 autem
1070 1195 1170 1256 bomi-

107 1303 181 1346 num
193 1283 293 1362 generi
306 1290 335 1343 et
346 1283 381 1344 ad
392 1282 550 1344 claritatem
559 1282 838 1360 amplitudinemque
847 1281 943 1360 aptior
951 1298 1064 1366 eprum,
1079 1281 1172 1358 quise

76 1411 78 1418 ,
107 1369 223 1432 adrem
239 1368 383 1448 publicam
399 1376 427 1428 et
447 1370 484 1429 ad
499 1382 620 1446 magnas
636 1387 684 1428 res
705 1366 848 1445 gerendas
867 1366 1171 1427 accommodavenmt‘.

108 1457 297 1534 Quapropter
315 1461 344 1514 et
363 1453 399 1514 iis
419 1455 542 1514 forsitan
564 1453 784 1513 concedendum
805 1450 843 1511 sit
861 1469 925 1511 rem
944 1450 1091 1529 publicam
1110 1467 1172 1510 nou
1194 1458 1224 1507 tl

108 1539 345 1618 capessentibus,
369 1537 418 1618 qui
433 1537 582 1598 excellenti
601 1537 718 1614 ingenio
739 1535 888 1597 doctrinae
908 1553 972 1596 sese
988 1535 1170 1608 dediderunt,

108 1624 203 1696 otiis,
224 1623 274 1704 qui
290 1632 339 1684 aut
353 1621 527 1684 valetudinis
548 1621 741 1682 imbecillitate
761 1628 812 1682 aut
826 1621 919 1699 aliqua
932 1619 1069 1705 graviore
1083 1639 1172 1680 causa

108 1709 242 1788 impediti
257 1727 273 1769 a
287 1727 320 1769 re
334 1707 451 1788 publica
465 1715 665 1780 recesserunt,
687 1727 754 1767 cum
771 1707 833 1766 eius
850 1697 1097 1788 administrandae
1112 1723 1170 1783 po-

108 1802 242 1855 testatem
261 1793 323 1855 aliis
342 1793 515 1872 laudemque
531 1793 735 1852 concederent.
767 1790 880 1863 Quibus
900 1798 995 1852 autem
1016 1789 1079 1849 talis
1094 1789 1172 1850 nulla

110 1880 149 1940 sit
163 1897 264 1952 causa,
280 1878 304 1940 si
321 1879 472 1957 despicere
487 1895 519 1938 se
534 1877 632 1938 dicant
647 1895 693 1948 ea,
709 1893 781 1956 quae
797 1875 927 1955 plerique
936 1873 1099 1948 mirentur,
1115 1875 1173 1934 im·
1192 1915 1197 1922 -

108 1965 189 2044 peria
204 1971 233 2024 et
246 1963 448 2042 magistratus,
468 1963 504 2022 iis
518 1980 581 2023 non
596 1961 687 2022 modo
703 1979 765 2020 non
779 1960 870 2032 laudi,
886 1978 987 2020 verum
1002 1957 1087 2020 etiam
1103 1959 1173 2020 vitio

108 2049 238 2110 dandum
250 2055 332 2127 puto.
352 2048 488 2120 Quorum
503 2047 643 2108 iudicium
655 2047 686 2106 in
698 2065 743 2118 eo,
756 2046 837 2126 quad
848 2045 971 2123 gloriam
984 2053 1173 2117 contemnant

107 2142 138 2194 et
152 2151 207 2213 pro
224 2133 316 2194 nibilo
331 2140 444 2212 putent,
462 2132 578 2192 difficile
594 2132 670 2192 lactu
685 2138 803 2192 estnon
817 2130 952 2210 probare,
970 2131 1022 2191 sed
1036 2129 1171 2191 videntur

107 2217 226 2280 labores
238 2225 267 2278 et
278 2217 438 2291 molestias,
453 2224 517 2278 tum
529 2215 727 2278 offensionum
739 2224 767 2277 et
778 2217 961 2295 repulsamm
974 2215 1057 2295 quasi
1069 2233 1173 2294 quam·-

106 2367 149 2428 lll,
164 2368 205 2430 15,
217 2367 442 2418 admonentem
451 2367 616 2434 olitprnden·
671 2362 784 2428 λιτικόν,
797 2363 846 2418 τὸν
858 2361 1087 2434 ἐπιστημονικόν.

109 2439 150 2486 tt'u
166 2434 214 2492 sed
229 2434 331 2483 amaillo
348 2435 382 2484 od
392 2438 457 2484 citae
468 2434 554 2484 abadia
565 2433 617 2485 ἀίε-
704 2435 821 2487 libertale
836 2438 978 2496 uterentur,
993 2433 1107 2484 eusdem
1118 2449 1177 2483 vor-

107 2503 174 2572 pari
187 2501 297 2566 quictem
313 2506 389 2567 atque
398 2504 479 2552 otium
490 2504 578 2566 seond,
589 2506 620 2552 ut
671 2504 844 2568 bergebonrlen
856 2519 888 2554 ne
899 2502 934 2552 ist
945 2506 976 2553 nt
987 2518 1019 2553 zu
1031 2503 1165 2566 crgdnzen.

109 2570 286 2638 Pythagoraa,
295 2569 466 2632 democritus,
475 2571 618 2635 Anaoeogo-
705 2563 755 2624 21.
775 2571 816 2622 ll.
834 2569 1016 2638 rempublicam
1027 2585 1175 2638 nortoapes·

109 2655 158 2694 rar
174 2654 192 2688 a
208 2637 329 2702 regendis
345 2640 491 2690 eternales
507 2641 574 2690 totos
589 2655 618 2690 ae
670 2643 794 2694 amnone.
819 2639 954 2691 concedere
977 2640 1012 2690 ist
1031 2639 1176 2701 veraciter,

110 2706 616 2772 adcognitr'onemrornmtranstulorunt.
670 2707 849 2776 pallescant.
866 2707 888 2771 1,
901 2706 916 2755 3
929 2713 1073 2760 ceterorum
1083 2711 1176 2756 temere

144 2775 261 2826 domines
281 2777 365 2826 severi
386 2779 532 2840 etgraves,
553 2790 577 2824 z.
588 2775 614 2824 Β.
670 2777 738 2828 dieto
758 2773 860 2824 concedi
876 2778 969 2840 potest.
1006 2775 1056 2824 Das
1078 2773 1176 2838 (lbjeot,

111 2843 220 2894 Atticus.
236 2838 301 2910 Nep.
317 2843 395 2893 Attio.
413 2858 434 2892 c.
448 2841 472 2892 6.
501 2841 535 2892 Μ.
548 2841 616 2892 Piso.
670 2859 724 2894 was
744 2841 880 2893 vorzieben
903 2842 978 2904 wird,
1001 2842 1064 2904 licgt
1079 2842 1103 2891 in
1122 2843 1177 2892 dem

111 2911 161 2961 Cio.
179 2910 249 2959 Brut.
267 2909 307 2971 67,
324 2909 374 2960 236
395 2910 508 2961 laborem
519 2911 618 2976 soren-
659 2911 793 2976 =Porticip3
807 2907 1178 2978 Tusc.ll‚'l,19odopioant·

111 2993 226 3060 centron
235 2977 617 3044 dinttmtnlit,poodbomtnum
671 2981 789 3031 nnciam
808 2982 851 3029 ent·
869 2979 1055 3030 coanedcndnm
1075 2982 1117 3029 ert
1129 2993 1177 3044 ga-

110 3046 619 3179 wdddssesdrxfhdbdassdddaddlm-
671 3053 1177 3166 mirdnmaanmnnodanoomssbinl.

111 3183 373 3250 monerespncbat.
416 3235 421 3240 ,
707 3183 1179 3248 tunacntbdlteinesteigerung,mag

144 3249 282 3314 nonnulli,
300 3266 356 3302 num
374 3248 458 3300 Tbeil:
476 3250 618 3300 ostentent
672 3267 730 3302 cnm
741 3253 914 3314 vorausgcbcn
933 3251 1085 3312 odornicbt3
1109 3249 1134 3315 ξ.
1147 3249 1177 3300 19

111 3319 164 3368 sieb
184 3316 231 3366 aul
248 3317 288 3368 die
308 3318 531 3380 vorbergebcnden
553 3316 618 3368 Sub·
673 3324 728 3370 tum
736 3322 845 3384 aegimio
853 3323 954 3370 snmus.
978 3318 994 3384 ξ
1019 3318 1074 3369 111.
1085 3333 1178 3384 aoptta·
1264 3350 1267 3357 -

108 3384 617 3454 J'ectcploilosopbiundborntneszuriick.
673 3386 756 3438 ndns
768 3389 905 3438 universae
923 3389 989 3438 attae
1010 3391 1066 3438 tann
1085 3389 1177 3452 tingn-

146 3453 187 3504 70.
208 3453 277 3518 qnod
288 3455 402 3520 rombus.
427 3451 466 3502 Zu
478 3453 564 3502 dieser
575 3452 619 3502 be·
672 3455 756 3505 hrum
767 3457 904 3506 actionario.
1162 3472 1166 3478 ·

111 3522 273 3572 lremdendcn
283 3521 445 3585 Erwiibnung
456 3521 502 3572 der
510 3518 618 3582 llb'nige,
707 3525 880 3587 offensionum
889 3523 1089 3590 otrepulmrnnn
1101 3522 1178 3572 Bcido

87 3597 92 3604 '
111 3587 620 3641 auidiscrdocbsonstkeinelliiclrsicbt
672 3589 818 3656 Metapbern
834 3590 889 3639 sind
907 3606 955 3639 von
972 3591 1018 3640 der
1034 3587 1179 3640 Scbilliabrt

112 3658 211 3721 nimmt,
236 3657 270 3706 ist
286 3656 374 3707 Cicero
392 3658 441 3708 wol
464 3657 540 3707 durch
564 3655 619 3705 sein
672 3673 825 3723 genommeu.
848 3659 958 3724 offensio
971 3657 1177 3709 bcdeutettheils

113 3724 559 3790 griechisobcsOriginalveronlnsst.
572 3723 618 3772 Dio
672 3726 789 3788 Austoss,
810 3726 997 3778 Unbeliebtbeit
1016 3727 1080 3776 beim
1100 3724 1177 3789 Volk,

113 3791 217 3844 Stciker
232 3793 425 3843 untcrsobciden
442 3792 548 3841 niimlich
565 3791 619 3840 diei
672 3793 748 3844 Tnsc.
764 3794 791 3858 V,
806 3793 846 3858 36,
860 3794 906 3844 tua
967 3794 969 3799 '
1008 3786 1178 3862 *opopnluris

112 3860 323 3921 Lebensweisen3
347 3859 418 3910 Stob.
432 3857 535 3940 punt
547 3861 620 3926 τρεῖς
672 3877 718 3927 pro
731 3861 748 3912 l.
761 3861 828 3912 blan.
841 3863 866 3924 9,
877 3861 910 3912 26
920 3797 1177 3932 mpsot'llomn-

115 3926 184 3982 sinna
199 3923 619 3995 prouerbnpnutianomorno-
673 3930 924 3998 tograaa'sat'mcpna
947 3929 1004 3983 tella*
1025 3929 1185 3998 offensione,
