2774 4482
513 321 574 374 ue.
585 321 610 378 1„
631 323 777 399 crees.
1141 323 1181 386 33

115 478 199 560 quod
219 476 251 538 in
271 471 507 556 deliberationem
522 477 611 540 cadit:
632 477 663 539 in
683 497 741 558 quo
758 477 971 540 considerando
988 495 1075 556 saepe
1090 476 1181 540 animi

112 567 146 626 in
163 560 325 626 contrarias
341 562 499 623 sententias
515 561 725 624 distrahuntur.
754 563 831 626 Tum
845 575 942 625 autem
958 570 1007 624 aut
1021 563 1181 642 anquirunt
1213 611 1216 617 .

113 657 166 710 aut
181 647 351 710 consultant
364 646 400 707 ad
412 647 485 708 vitae
497 648 736 710 commoditatem
748 647 1024 728 iucunditatemque,
1041 647 1076 709 ad
1089 646 1181 714 lacul-

114 742 191 796 tates
211 749 311 793 rerum
331 738 418 811 atque
438 731 553 811 copias,
575 732 611 793 ad
627 751 714 813 opes,
735 734 770 794 ad
786 733 964 813 potentiam,
985 732 1091 812 quibus
1107 739 1135 793 et
1151 751 1183 792 se

115 817 237 898 possint
253 817 353 877 iuvare
373 823 402 876 et
422 834 509 891 suos,
529 817 676 879 conducat
694 818 724 879 id
746 837 850 891 necne,
872 818 911 878 de
930 834 989 898 quo
1005 817 1181 879 deliberant:

116 921 195 983 quae
210 899 378 962 deliberatio
395 901 491 961 omnis
515 901 706 964 iurationem
721 902 851 966 utilitatis
867 902 951 963 cadit.
980 901 1112 962 Tertium
1127 902 1182 964 du·
1281 922 1288 928 ’

115 987 230 1049 bitandi
245 993 336 1064 genus
353 991 413 1058 est,
435 1005 502 1046 cum
523 1004 654 1066 pugnare
673 988 788 1049 videtur
807 1007 873 1049 oum
894 989 1022 1050 honesto
1036 985 1081 1059 id,
1103 986 1182 1065 quod

117 1073 234 1132 videtur
259 1089 325 1131 esse
349 1070 427 1130 utile.
462 1071 536 1132 Cum
555 1071 634 1134 enim
654 1073 765 1134 utilitas
784 1073 820 1134 ad
845 1092 877 1132 se
902 1091 1017 1150 rapere,
1042 1072 1183 1132 honestas

119 1163 223 1218 contra
241 1173 378 1216 revocare
398 1154 433 1214 ad
454 1175 485 1216 se
500 1156 628 1229 videtur,
649 1158 681 1218 lit
700 1165 733 1219 ut
748 1157 926 1218 distrahatur
946 1157 976 1216 in
997 1156 1181 1218 deliberando

117 1242 235 1304 animus
261 1240 426 1319 adferatque
450 1240 607 1320 ancipitem
632 1259 732 1303 curam
751 1241 906 1322 cogitandi.
942 1242 1004 1302 Hac
1031 1241 1182 1314 divisione,
1203 1248 1233 1301 10

116 1345 188 1387 cum
208 1324 369 1404 praeterire
390 1324 498 1406 aliquid
519 1326 680 1388 maximum
703 1327 803 1388 vitium
825 1325 1030 1388 individendo
1051 1325 1103 1397 sit,
1124 1325 1182 1386 duo

119 1409 326 1491 praetermissa
347 1417 425 1471 sunt
455 1410 516 1471 Nec
535 1413 615 1472 enim
635 1412 732 1472 solum
752 1419 852 1472 utrum
871 1411 1031 1472 honestum
1046 1428 1084 1470 an
1098 1417 1198 1490 turpe¹

119 1497 160 1557 sit
179 1494 330 1556 deliberari
345 1494 433 1568 solet,
453 1494 607 1556 sedetiam
623 1497 739 1558 duobus
754 1495 917 1575 propositis
933 1494 1066 1557 honestis
1081 1503 1182 1556 utrum

119 1581 285 1650 honestius,
302 1580 431 1658 itemque
446 1579 562 1663 duobus
578 1581 740 1660 propositis
753 1580 871 1642 utilibus
883 1588 983 1641 utrum
996 1579 1103 1642 utilius
1131 1580 1183 1651 lta,

120 1684 210 1746 qnam
224 1665 269 1726 ille
284 1664 429 1742 triplicem
445 1665 555 1742 putavit
569 1685 634 1726 esse
648 1667 801 1738 rationem,
818 1665 849 1726 in
863 1666 992 1744 quinque
1006 1673 1105 1745 partes
1121 1665 1183 1726 dis-

120 1750 209 1811 tribui
230 1750 334 1811 debore
354 1749 508 1828 reperitur.
537 1750 671 1810 Primum
687 1751 832 1828 igiturest
847 1751 882 1809 de
897 1751 1038 1823 honesto,
1060 1750 1112 1810 sed
1128 1750 1200 1811 dur

120 1835 247 1915 pliciter,
268 1844 332 1896 turn
350 1834 415 1914 pari
429 1834 544 1896 ratione
560 1835 595 1895 de
610 1835 688 1908 utili,
708 1841 779 1914 post
794 1834 829 1895 de
845 1834 1065 1914 comparatione
1080 1853 1184 1896 eorum

121 1920 336 1981 disserendum.
907 1930 915 1936 '

207 2003 355 2082 Principio
377 2003 474 2084 generi
494 2003 687 2067 animantium
706 2003 788 2065 omni
810 2011 854 2064 est
874 2023 890 2064 a
909 2012 1012 2066 natura
1031 2004 1183 2077 tributum,
1217 2006 1237 2068 4

14 2105 20 2120 ¹
121 2097 154 2150 ut
167 2108 207 2163 se,
221 2089 309 2150 vitam
322 2107 488 2168 corpusque
502 2096 625 2162 tueatur,
641 2089 763 2150 declinet
778 2107 820 2162 ea,
835 2106 907 2168 quae
921 2090 1054 2150 nocitura
1066 2089 1183 2150 videan-
1204 2096 1233 2150 lt

120 2183 186 2256 tur,
208 2173 378 2253 omniaque,
400 2175 473 2253 quae
492 2173 551 2234 sint
570 2175 607 2234 ad
625 2174 781 2235 vivendum
801 2175 982 2248 necessaria,
1003 2173 1138 2254 anquirat
1157 2181 1185 2234 et

122 2267 214 2338 paret,
227 2266 262 2319 ut
276 2265 403 2336 pastum,
419 2264 451 2318 ut
466 2257 590 2332 latibula,
606 2259 707 2320 utalia
723 2259 839 2337 generis
856 2259 995 2320 eiusdem.
1021 2258 1185 2319 Commune

122 2352 224 2404 autem
235 2343 425 2402 animantium
438 2343 571 2404 omniurn
582 2343 850 2404 estconiunctionis
859 2344 1004 2422 appetitus
1011 2341 1185 2422 procreandi

56 2472 61 2476 .
126 2445 216 2486 causa
235 2432 264 2484 et
284 2443 352 2484 cura
373 2426 514 2502 quaedam
533 2445 648 2500 eorum,
668 2448 741 2508 quae
761 2435 912 2508 procreata
933 2428 1000 2488 sint.
1015 2428 1089 2508 „Sed
1110 2427 1186 2488 inter

125 2507 283 2570 hominem
310 2515 338 2568 et
357 2507 470 2568 beluam
490 2510 548 2570 hoo
566 2513 689 2574 maxime
709 2513 843 2584 interest,
871 2513 951 2592 quod
971 2513 1183 2589 haectantum,

125 2601 272 2674 quantum
289 2611 379 2654 sensu
394 2601 535 2668 moretur,
550 2596 588 2656 ad
600 2597 630 2658 id
642 2599 750 2671 solum,
767 2599 847 2677 quod
859 2599 941 2659 adest
953 2599 1089 2677 quodque
1100 2617 1186 2677 prae-

124 2749 237 2810 chnngen
262 2761 312 2794 von
333 2746 378 2794 der
398 2745 629 2812 Regelmiisslglreit,
719 2741 750 2799 4.
775 2749 813 2798 11.
832 2749 885 2798 Fiir
902 2747 1187 2814 denlnbaltdesllnpi-

118 2831 165 2869 ,um
186 2815 227 2864 die
243 2813 313 2864 lledo
332 2813 403 2862 mehr
422 2815 477 2863 dem
498 2813 568 2864 Tone
586 2817 631 2866 der
685 2817 734 2867 tels
753 2831 773 2866 s.
792 2816 858 2866 Einl.
877 2817 907 2865 de
925 2817 965 2865 dn.
982 2814 1015 2866 lll
1032 2833 1054 2866 c.
1072 2818 1095 2866 5.
1113 2817 1185 2881 Biog.

123 2881 355 2946 Umgangsspracbe
371 2895 534 2946 anzupassen‚
548 2881 631 2934 linden
684 2885 770 2936 Laert.
785 2883 837 2946 Vll,
851 2882 892 2933 85.
1130 2875 1134 2886 Χ

124 2951 177 3000 sich
196 2946 347 2999 namcntlich
364 2948 388 2998 in
402 2950 448 2998 deu
462 2949 630 3013 dialogischen
720 2951 857 3020 Praecipio,
865 2953 910 3002 d.i.
922 2957 982 3003 anto
991 2955 1083 3016 omaro,
1093 2969 1134 3002 urn
1143 2954 1186 3002 dn-

124 3016 629 3080 SchriltenCicerosunz'aiblige:I,14,44.
685 3021 730 3070 mit
741 3019 906 3084 nnznfangcn.
920 3019 938 3084 l,
949 3020 990 3082 35,
1003 3020 1050 3070 126
1061 3022 1188 3088 principio
1247 3045 1248 3052 κ

159 3086 408 3150 outoaquirmttaut
416 3085 575 3134 consultant:
585 3103 631 3136 aa·
685 3093 801 3156 corporae
812 3103 936 3153 magnam
946 3088 1039 3138 oculoru
1050 3089 1108 3154 ipsa
1120 3089 1189 3138 ride-

125 3157 227 3218 quirerc
244 3153 303 3215 geht:
315 3150 361 3200 nul
370 3151 413 3201 dus
426 3151 572 3202 Aulsucben
584 3155 630 3204 der
685 3160 729 3206 tur
741 3157 861 3206 babuisse
872 3158 1006 3206 eohortem.
1029 3154 1060 3204 lll
1072 3155 1097 3220 §.
1112 3155 1153 3205 21.

126 3219 631 3283 Griindc,consultarcbcdeutct,mitsicb
719 3238 852 3274 commone
866 3225 945 3273 itera:
965 3223 1020 3272 bier
1036 3223 1113 3273 findet
1129 3224 1188 3274 lein

127 3285 348 3352 zuRatbegebeu‘.
362 3286 632 3354 DieSynouymawer-
686 3288 828 3352 Gegensatz
842 3297 916 3355 statt,
931 3291 1040 3340 sordem
1056 3292 1096 3340 ein
1110 3306 1188 3342 naues

125 3355 175 3404 den
185 3355 261 3404 durch
271 3360 355 3405 aut—
367 3359 414 3405 aot
426 3355 571 3406 verbunden
583 3357 631 3406 wie
686 3356 760 3408 Glicd
776 3357 909 3408 derselbcn
921 3355 969 3408 Art
986 3358 1050 3408 wird
1067 3359 1187 3423 binzuge-

124 3421 143 3486 l,
161 3422 200 3484 14,
214 3423 246 3472 44
259 3439 335 3488 quam
346 3427 394 3472 aut
404 3423 517 3472 libertati
527 3429 575 3473 aot
585 3425 632 3474 bo·
684 3425 750 3489 frigi,
768 3430 867 3488 actara,
886 3441 938 3475 was
952 3427 992 3475 die
1009 3425 1082 3476 lldss.
1099 3427 1187 3491 baben,

123 3492 229 3541 aestati.
240 3489 281 3552 20,
292 3491 324 3540 66
337 3493 384 3539 aut
395 3490 521 3540 admirari
531 3495 579 3541 aad
589 3509 633 3560 op·
685 3493 750 3544 kann
760 3493 837 3543 daber
846 3495 914 3543 nicht
923 3495 1020 3544 slehen.
1040 3493 1090 3544 Wo
1103 3498 1190 3546 autern

125 3562 384 3625 tareoutcrcpetcro.
686 3576 714 3610 so
731 3560 772 3610 liir
786 3577 880 3629 porro,
900 3566 1046 3630 praetcrea,
1066 3565 1128 3612 item
1144 3577 1189 3625 ge·
1266 3565 1272 3570 ”

124 3624 630 3744 trdtatltllttltillir
685 3629 1189 3759 lll¹¹⁰llt⁰ltlllttltt‘ttgtlt't

125 3776 258 3825 revocare,
271 3776 303 3809 zu
316 3762 361 3809 dcr
373 3761 494 3822 ricbtigen
507 3761 573 3810 Baba
587 3779 633 3820 ιιι·ι
685 3765 711 3812 in
720 3735 812 3814 ahdrer
822 3766 962 3827 Beziebung
975 3765 1013 3825 da,
1026 3765 1074 3826 vgl.
1085 3781 1107 3814 z.
1116 3763 1139 3830 ξ.
1149 3765 1188 3816 17.

125 3828 275 3878 riiclrruscu.
531 3838 537 3852 '
651 3885 659 3890 ,
719 3833 788 3897 quod
811 3833 895 3898 adeat,
927 3832 1041 3898 quodque
1063 3849 1190 3900 praesens

162 3897 203 3946 10.
222 3899 373 3962 afferatque,
384 3911 418 3946 sc.
428 3896 464 3946 ad
473 3895 633 3950 delc'dcrah'o-
685 3904 738 3950 ert:
760 3915 883 3968 praesens
896 3902 966 3950 dicut
978 3901 1026 3950 den
1041 3901 1136 3964 begrill
1145 3902 1189 3950 des

124 3980 193 4014 nean.
687 3965 898 4032 Gegcnw'drtigen
927 3969 952 4018 ln
989 3969 1112 4018 iirtlicher
1140 3969 1191 4018 und

181 4045 228 4090 Cic.
237 4045 264 4088 de
272 4046 333 4090 offic.
975 4051 990 4102 3
