2718 4484
185 315 246 380 180
495 369 498 388 Ι
613 313 656 364 nn
675 309 837 363 ornans*

183 470 300 552 planam
325 475 369 530 est
391 474 494 530 nostra
519 485 566 528 res
590 466 704 546 publica
730 483 803 542 enm,
822 483 907 544 saepe
931 471 997 526 tum
1022 463 1163 526 maxime
1189 464 1276 526 bello

183 554 295 617 Punico
318 554 461 630 seopndo,
483 571 556 632 quae
571 552 716 614 Cannensi
733 550 893 627 calamitate
908 558 1028 629 accepta
1042 550 1186 612 maiores
1204 551 1278 612 ani—

183 659 250 722 mos
269 639 370 702 hahuit
384 657 475 720 quam
490 656 631 719 umquam
646 637 734 698 rebus
749 635 895 698 secundis.
923 635 1007 696 Nulla
1022 636 1152 698 timoris
1170 636 1276 716 signi-

183 725 287 800 llcatio,
302 725 380 786 nulla
393 725 504 788 mentio
515 725 605 804 pacis.
632 723 723 785 Tanta
736 722 777 782 vis
789 731 834 782 est
845 721 970 794 honesti,
984 728 1018 781 ut
1029 720 1173 800 speciem
1185 722 1277 783 utili·
1343 766 1352 833 p

130 819 163 872 48
183 811 250 873 tatis
266 811 412 872 obscuret.
449 809 641 872 Athenienses
658 827 725 870 cum
736 809 895 870 Persarum
912 805 1054 886 impeturn
1066 807 1158 868 nullo
1172 807 1276 869 modo
1349 842 1351 851 =

181 903 306 978 possent
321 896 467 958 sustinere
483 902 707 975 statueremque,
719 901 751 954 ut
761 893 833 956 urhe
845 892 941 954 relicta
954 891 1132 970 coniugibus
1148 901 1182 953 et
1194 893 1275 954 libe-

145 995 153 1020 ⁴
183 983 224 1043 ris
242 981 390 1042 Troezene
410 980 550 1060 depositis
570 999 658 1042 naves
674 979 905 1041 conscenderent
919 977 1151 1057 libertatemque
1171 978 1275 1040 Grae-

183 1067 243 1128 ciae
259 1067 351 1128 classe
363 1066 558 1142 defenderent,
573 1065 715 1146 Cyrsilum
728 1064 884 1145 quemdam
896 1063 1075 1137 suadentem,
1091 1063 1178 1124 utin
1194 1065 1274 1126 urhe

132 1157 135 1162 ’
183 1159 335 1214 manerent
348 1151 531 1232 Xerxemque
545 1151 719 1232 reciperent,
739 1148 883 1230 lapidibus
900 1148 1069 1210 obruerunt.
1102 1148 1206 1229 Atqui
1221 1150 1274 1212 ille

184 1237 337 1298 utilitatem
353 1237 436 1316 sequi
450 1236 607 1312 videbatur,
623 1237 673 1298 sed
690 1255 722 1298 ea
734 1235 811 1296 nulla
822 1243 882 1297 erat
892 1241 1074 1315 repugnante
1084 1233 1270 1297 honestate.

132 1331 164 1382 49
186 1321 399 1384 Themistocles
424 1329 493 1402 post
516 1321 668 1384 victoriam
688 1322 749 1382 eius
770 1320 848 1393 belli,
876 1321 957 1400 quod
978 1339 1044 1382 cum
1064 1319 1174 1382 Persis
1198 1323 1269 1395 luit,

185 1407 257 1468 dixit
276 1408 307 1468 in
328 1407 465 1469 contione
486 1427 517 1469 se
536 1407 645 1469 habere
664 1406 817 1468 consilium
833 1405 1020 1486 reipublicae
1035 1405 1187 1482 salutare,
1211 1408 1269 1470 sed

184 1493 214 1555 id
240 1492 309 1553 sciri
334 1510 395 1553 non
423 1512 499 1574 opus
525 1512 602 1555 esse:
631 1492 786 1574 postularit
809 1499 842 1552 ut
860 1491 988 1570 aliquem
1007 1491 1139 1572 populus
1162 1493 1268 1567 daret,

185 1577 302 1658 quicum
323 1579 560 1642 communicaret.
591 1580 680 1642 [latus
701 1585 746 1639 est
765 1577 915 1638 Aristides.
945 1576 1021 1638 Huic
1041 1577 1102 1650 illc,
1125 1577 1268 1640 classem

184 1662 496 1740 Lacedaemoniorum,
516 1683 589 1743 quae
608 1664 750 1726 subducta
770 1670 848 1724 esset
868 1662 904 1723 ad
925 1661 1084 1742 Gythemn,
1106 1662 1188 1726 clam
1213 1665 1288 1726 ιιι--

185 1748 267 1809 cendi
292 1751 394 1828 posse',
414 1765 479 1830 ‘quo
504 1752 579 1811 lacto
601 1748 694 1828 lrangi
713 1746 1013 1810 Lacedaemoniorum
1033 1767 1106 1828 opes
1126 1766 1267 1813 necesse

184 1841 270 1894 esset.
315 1835 403 1907 Quod
418 1833 559 1896 Aristides
580 1853 646 1896 cum
668 1833 811 1907 audisset,
831 1833 861 1894 in
882 1832 1051 1895 contionem
1071 1852 1182 1912 magna
1206 1855 1264 1898 er-

184 1918 349 1998 pectatione
367 1917 445 1980 venit
465 1919 592 1999 dixitque
612 1919 733 2001 perutile
752 1938 818 1980 esse
837 1918 1007 1992 consilium,
1030 1919 1109 1998 quod
1127 1919 1262 1982 Themi-

184 2003 291 2065 stocles
303 2002 439 2078 adferret,
452 2003 503 2064 sed
513 2005 634 2065 minime
644 2006 811 2068 honestum.
842 2003 941 2082 ltaque
953 2004 1158 2080 Athenienses,
1170 2008 1261 2086 quod

184 2089 343 2150 honesturn
369 2107 430 2149 non
455 2097 544 2163 esset,
570 2089 599 2150 id
619 2089 744 2152 neutile
764 2089 882 2170 quidem
903 2097 1078 2169 putaverunt
1098 2097 1260 2172 totamque

184 2192 248 2236 eam
263 2191 339 2248 rem,
355 2192 441 2253 quam
456 2191 494 2234 ne
509 2174 658 2236 audierant
677 2175 810 2256 quidem,
830 2182 949 2235 auctore
963 2174 1091 2236 Aristide
1110 2178 1258 2256 repudia-

184 2266 296 2321 verunt.
325 2258 426 2321 Melius
441 2259 471 2320 hi
487 2279 573 2339 quam
590 2278 659 2332 nos,
677 2259 725 2340 qui
741 2259 848 2341 piratas
864 2259 1025 2334 immunes,
1043 2261 1145 2324 socios
1158 2264 1257 2325 vecti·
1335 2329 1341 2340 ,
1357 2269 1358 2292 ³

185 2345 263 2424 galea
278 2345 429 2407 habemus.

103 2458 107 2469 =
129 2431 167 2492 12
270 2429 382 2491 Maneat
401 2449 484 2509 ergo,
510 2432 588 2510 quod
609 2439 693 2511 turpe
713 2431 764 2504 sit,
790 2430 819 2492 id
839 2448 1001 2510 numquam
1020 2430 1090 2492 utile
1111 2452 1192 2507 esse,
1215 2453 1257 2496 ne

184 2522 247 2594 tum
267 2513 398 2594 quidem,
419 2534 486 2576 cum
506 2515 548 2588 id,
570 2517 648 2596 quod
669 2516 738 2577 utile
757 2535 822 2578 esse
842 2525 941 2595 putes,
967 2514 1140 2596 adipiscare.
1185 2519 1258 2582 Hoc

220 2697 277 2734 eum
289 2681 429 2752 rasponus
441 2683 599 2751 interpollrta
612 2685 685 2735 Hdss.
778 2683 916 2752 Gytheum,
937 2685 978 2734 die
990 2684 1190 2739 Flottenstation
1204 2690 1256 2740 der

186 2750 261 2815 l'rigea
273 2751 338 2802 odias
351 2752 435 2818 hinzu,
448 2767 501 2803 was
515 2753 555 2804 die
568 2752 687 2804 Lateinor
744 2754 889 2819 Spartanae.
912 2753 1001 2818 Polyb.
1014 2754 1045 2816 V,
1060 2754 1091 2805 19
1105 2751 1254 2808 ναύσταθ-

186 2820 210 2869 in
228 2820 312 2869 dieser
323 2818 487 2884 Verbindung
503 2822 528 2870 in
546 2823 592 2872 der
608 2819 687 2886 Regel
742 2837 799 2891 μον
810 2815 1017 2904 ταῖνἙλλὴνων,
1029 2817 1181 2902 &unciolam
1192 2820 1255 2874 Γύ-
1355 2889 1356 2892 ¹

185 2887 576 3022 lllltallltilla
597 2957 627 3006 a
644 2973 686 3007 ιι.
741 2886 1253 3028 latrat.llltaldlalttalf

186 3037 248 3073 rona
260 3037 284 3087 p.
298 3021 347 3072 296
360 3017 409 3074 τὸν
423 3015 452 3073 d’·
466 3018 617 3075 ὑπακούειν
629 3029 688 3081 τοῖς
742 3019 845 3076 ἄκοντα
851 3018 961 3075 στάδια.
973 3024 1142 3088 clotiaco)
1148 3025 1249 3074 leranrr'-

186 3088 414 3158 ἐπιταττομένοις
466 3084 689 3161 ἀποφηνάμενον
743 3099 768 3143 tc
787 3091 915 3143 Tolmidcs
941 3093 982 3144 die
1007 3092 1113 3154 dor-tigeri
1134 3090 1248 3142 Sclrill's-
1354 3119 1355 3138 2

186 3158 329 3230 Κυρσίλον
340 3153 581 3216 καταλιθώσαντες
593 3152 625 3209 οὗ
635 3156 689 3242 po'-
741 3159 849 3211 werlten
862 3160 957 3211 nieder.

186 3242 237 3279 νον
253 3220 338 3278 αὐτὸν
359 3221 427 3278 ἀλλὰ
450 3227 495 3277 καὶ
517 3229 548 3278 αἱ
562 3243 690 3295 γυναικες
773 3230 875 3297 piratae
886 3231 1020 3280 ιὀιιαανιοι.
1048 3226 1183 3278 W'dlrrend
1200 3230 1250 3280 des

187 3294 217 3344 αἱ
236 3289 367 3364 ὑμέτεραι
385 3290 434 3360 τὴν
457 3299 575 3362 γυναῖκα
596 3290 688 3348 αὐτοῦ.
742 3296 924 3360 Biirgerlrriegs
942 3298 1067 3348 zwisalten
1085 3295 1180 3347 Caesar
1196 3300 1252 3348 und

186 3362 299 3413 Herodot
308 3363 407 3414 erziihlt
416 3379 464 3414 von
475 3364 589 3431 Cyrsilua
599 3364 687 3430 nichts‚
741 3363 875 3429 Pompejus
887 3379 973 3415 waren
987 3365 1027 3415 die
1036 3365 1138 3416 Piraten
1151 3365 1253 3417 wieder
1353 3415 1354 3418 ,

185 3431 236 3481 wol
252 3430 314 3482 abor
329 3446 378 3482 von
396 3431 514 3496 Lacides,
531 3433 577 3483 der
593 3434 688 3498 gestci-
743 3433 802 3483 solrr
812 3432 921 3496 miiclrtig
932 3434 1077 3496 garrondam
1090 3434 1141 3484 uod
1153 3433 1251 3485 Caesar

185 3499 240 3563 nist
251 3501 345 3562 warde,
357 3499 395 3550 als
409 3516 438 3550 er
450 3501 482 3551 im
495 3500 620 3565 Friihjahr
629 3501 688 3566 479,
742 3502 811 3550 hatte
824 3501 876 3550 sicli
893 3501 956 3552 noch
968 3501 1044 3550 leina
1057 3501 1192 3560 Scemucht
1204 3517 1250 3553 err-

186 3567 217 3618 du
229 3567 268 3618 die
278 3567 390 3618 Atheneo
403 3585 459 3620 zurn
469 3571 577 3620 zweiten
586 3568 637 3619 Mal
649 3569 689 3619 ilrr
743 3569 850 3620 schaffen
862 3568 961 3619 konnen
968 3606 975 3634 ,
994 3569 1031 3618 sie
1044 3585 1077 3618 zu
1089 3571 1248 3622 vernichten.
1352 3633 1353 3638 ¹

185 3634 255 3686 Laud
278 3637 409 3688 verlassen
430 3639 528 3704 hatten,
556 3637 595 3686 die
619 3636 693 3693 Vor1
776 3638 860 3688 socios
876 3636 1013 3702 coctigmlaa
1034 3637 1110 3688 nlirnl.
1129 3639 1170 3688 die
1184 3639 1251 3689 Ban-

187 3705 287 3769 oclaliige
300 3705 346 3756 des
358 3704 504 3756 Mardonius
516 3707 687 3756 anzunehmen
743 3706 926 3769 desgenossen,
938 3705 1032 3754 welche
1045 3721 1093 3755 zur
1104 3704 1192 3756 Paitoi
1205 3708 1250 3757 des

186 3773 258 3823 rietlt.
741 3773 873 3839 Pompeius
890 3774 981 3837 reboat
992 3773 1094 3838 hatten,
1115 3774 1166 3825 wic
1180 3774 1250 3825 llas-

220 3840 261 3890 49.
285 3842 316 3893 a'd
333 3846 397 3895 sciri
413 3859 465 3894 oon
486 3860 499 3895 o
518 3859 548 3894 aa
568 3859 636 3908 aare,
659 3859 687 3894 ca
742 3842 799 3893 allia
816 3842 867 3892 und
878 3842 924 3891 der
935 3839 1018 3904 lidoig
1029 3840 1185 3906 Deiotarus,
1205 3843 1250 3894 do·

185 3907 261 4026 piirle
274 3911 342 3962 nicht
357 3911 488 3976 allgemein
498 3859 611 3964 iekannt
621 3926 688 3963 wer·
741 3927 794 4030 npq
801 3909 895 3960 Caesar
912 3925 959 3960 zur
971 3907 1056 3960 Straie
1070 3909 1145 3962 einen
1158 3909 1251 3962 Trileut

201 3991 242 4026 en.
672 3984 675 3990 ‘
741 3994 756 4030 a
795 3985 859 4042 egte.
