2718 4484
212 281 271 344 172
617 280 680 340 ,nrt
699 277 836 332 urricus

207 434 258 496 sed
279 432 445 496 communis
466 432 594 495 utilitatis
614 410 762 496 ⁸derelictid
781 409 883 496 c⁷ontra
898 441 1033 496 naturam
1049 443 1110 498 est:
1133 447 1184 498 est
1198 437 1283 498 enim

153 530 184 580 31
206 521 322 582 iniusta.
352 518 451 598 ltaque
470 519 515 580 lex
529 520 592 598 ipsa
612 527 746 592 naturae,
767 537 842 598 quae
856 519 1007 580 utilitatem
1021 520 1187 582 hominum
1205 540 1284 582 con-

205 612 300 666 servat
319 612 347 664 et
366 603 507 677 continet,
528 605 664 666 decernet
677 605 824 684 prolecto,
845 615 878 664 nt
893 604 929 665 ab
943 601 1065 666 ho'mine
1081 607 1175 668 inerti
1192 615 1284 685 atque

205 689 300 751 inutili
316 689 352 750 ad
368 689 542 769 sapientem,
563 689 691 762 honum,
706 691 812 750 fortem
828 690 921 750 virum
936 690 1160 752 transferantur
1175 710 1224 752 res
1241 693 1282 752 ad

204 776 358 837 vivendum
366 775 554 847 necessariae,
562 773 611 852 qni
620 775 645 834 si
654 775 800 846 occiderit,
811 775 935 836 multum
945 776 1143 837 decommuni
1151 777 1283 838 utilitate

204 859 369 930 detraxerit,
390 859 479 920 modo
496 859 551 919 lroc
566 859 604 920 ita
620 860 716 932 faciat,
732 868 763 921 ut
777 877 813 920 nc
828 859 892 938 ipse
907 861 943 924 de
957 879 989 920 se
1003 860 1080 921 bene
1096 862 1279 922 existimans

205 965 326 1024 seseque
350 945 470 1022 diligens
495 939 570 1004 hanc
590 963 707 1006 cansam
726 944 831 1005 habeat
849 945 884 1006 ad
905 945 1048 1006 iniuriam.
1084 946 1130 1008 lta
1154 965 1281 1026 semper

207 1029 301 1092 officio
322 1033 457 1108 fungetur
476 1029 591 1090 utilitati
612 1027 768 1090 consulens
782 1029 944 1092 ‘hominum
964 1037 993 1091 et
1012 1030 1050 1104 ei,
1073 1049 1167 1110 quam
1189 1051 1279 1111 saepe

153 1123 184 1174 32
207 1133 416 1186 commemoro,
431 1113 576 1175 humanae
590 1115 728 1176 societati.
759 1114 833 1174 Nam
849 1116 927 1194 qnod
943 1115 978 1176 ad
993 1114 1145 1184 Phalarim
1161 1117 1279 1188 attinet,

205 1200 339 1281 perfacile
354 1197 492 1260 iodicium
507 1207 560 1261 est.
587 1199 670 1260 Nulla
685 1207 730 1260 est
745 1199 823 1261 enirn
839 1200 1065 1261 societasnohis
1083 1220 1154 1262 cnm
1170 1211 1277 1282 tyran-

203 1287 264 1358 nis,
285 1291 313 1345 et
333 1284 432 1364 potins
454 1302 568 1345 summa
588 1284 737 1350 distractio
758 1291 816 1356 est,
837 1301 932 1364 neque
952 1292 997 1346 est
1012 1294 1116 1346 contra
1132 1295 1276 1348 naturam

204 1370 328 1451 spoliare
349 1389 432 1443 eum,
454 1367 479 1429 si
497 1369 612 1448 possis,
633 1387 720 1449 quem
736 1377 780 1430 est
794 1369 952 1438 honestum
967 1387 1087 1444 necare,
1108 1379 1203 1450 atque
1218 1373 1279 1432 hoc

203 1475 293 1518 omne
309 1473 400 1533 genus
416 1454 585 1534 pestiferum
600 1462 686 1533 atque
701 1455 825 1532 impium
841 1473 875 1516 ex
890 1454 1045 1516 hominnm
1058 1457 1278 1536 communitate

204 1539 455 1603 exterminandum
481 1547 534 1600 est.
569 1539 684 1600 Etenim
704 1547 737 1599 ut
755 1539 888 1602 membra
906 1540 1048 1620 quaedam
1070 1549 1277 1620 amputantur,

203 1628 229 1689 si
249 1634 277 1686 et
296 1625 359 1704 ipsa
375 1624 515 1703 sanguine
530 1632 558 1684 et
572 1633 720 1704 tanlquam
736 1624 841 1702 spiritu
856 1643 953 1687 carere
969 1634 1146 1706 coeperunt,
1167 1636 1200 1688 et
1215 1645 1276 1688 no-

204 1720 269 1774 cent
287 1709 404 1788 reliquis
425 1710 556 1789 partibus
573 1709 720 1789 corporis,
740 1710 783 1770 sic
797 1710 851 1770 ista
865 1710 896 1770 in
911 1711 1004 1789 ligura
1018 1711 1151 1772 hominis
1167 1713 1274 1774 feritas

203 1806 231 1858 et
249 1795 415 1858 immanitas
435 1795 534 1856 beluae
555 1814 571 1855 a
591 1795 741 1856 communi
761 1803 908 1874 tamquam
928 1796 1119 1858 humanitatis
1142 1815 1275 1877 corpore

182 1955 186 1962 ,
203 1883 381 1960 segreganda
401 1887 454 1942 est.
486 1879 578 1941 Huius
599 1881 711 1958 generis
733 1880 918 1959 quaestiones
938 1889 1008 1943 sunt
1028 1899 1135 1942 omnes
1150 1901 1219 1958 eae,
1242 1884 1272 1947 in
1354 1919 1355 1954 2

203 1968 309 2048 quibus
328 1985 363 2026 ex
382 1974 515 2043 tempore
536 1965 664 2028 osticium
679 1963 845 2044 exquiritur.
1354 1969 1355 1974 ’

94 2106 97 2116 ,
118 2068 139 2129 1·
164 2065 182 2125 7
287 2049 357 2116 Eius
374 2050 454 2110 modi
469 2049 556 2128 igitur
570 2051 656 2111 credo
672 2070 720 2112 res
734 2049 905 2112 Panaetium
920 2059 1148 2132 persecuturum
1167 2055 1271 2128 luisse,

96 2159 106 2204 ,’
149 2157 181 2207 33
202 2137 259 2202 nisi
268 2135 354 2214 aliqui
367 2153 450 2196 casus
462 2143 511 2196 aut
522 2134 674 2214 occupatio
685 2136 746 2197 eius
758 2135 910 2199 consilium
923 2137 1110 2216 peremisset.
1120 2139 1181 2209 ,Ad
1192 2159 1271 2220 quas

98 2216 100 2224 '
200 2219 524 2308 ipsasconsultationes
542 2239 577 2280 ex
597 2221 798 2300 superioribus
817 2221 899 2283 libris
916 2222 987 2286 satis
1004 2221 1095 2284 multa
1111 2233 1270 2305 praecepta

199 2379 204 2384 '
235 2376 276 2426 31.
294 2374 326 2425 de
341 2390 370 2424 ac
386 2375 447 2424 dere
463 2375 623 2424 aatotimoos.
653 2373 705 2423 Der
757 2373 861 2435 sind;s.
874 2391 896 2424 z.
910 2373 934 2440 ᾖ.
949 2375 988 2426 19.
1009 2375 1095 2440 Unger
1106 2377 1196 2428 wollte
1206 2379 1268 2428 dar'·

202 2447 296 2496 Zusatz
307 2459 364 2493 sese
378 2441 487 2508 diligens
497 2443 572 2506 zeigt,
582 2442 639 2492 dass
650 2442 704 2492 dies
758 2457 798 2492 um
810 2445 925 2510 corporis
939 2444 1073 2494 streichen.

200 2514 320 2564 bedentet
333 2510 396 2558 ‘eioc
409 2525 441 2559 zu
453 2516 512 2572 gnte
526 2509 643 2573 Meinung
654 2526 704 2560 von
792 2514 918 2578 ternpore:
936 2509 961 2576 ξ.
976 2511 1016 2562 19.
1039 2511 1089 2563 Mit
1101 2530 1136 2564 ea:
1149 2517 1269 2582 tempore

202 2582 255 2631 sich
264 2578 352 2639 hohen,
364 2575 704 2629 sichsclbstiiberschiitzcn’.
758 2579 874 2644 officium
885 2579 1016 2630 iibersetat
1025 2579 1076 2630 Cic.
1090 2576 1122 2630 τὸ
1132 2577 1202 2632 κατὰ
1212 2600 1268 2634 πε-

155 2663 160 2672 ·
234 2647 275 2698 32.
300 2643 377 2696 llolla
399 2649 439 2695 est
461 2646 528 2694 enim
551 2649 598 2694 eet.
633 2644 703 2695 Aucti
758 2649 888 2716 ρίστασιν
899 2649 1033 2712 καθῆκον.
1055 2648 1081 2698 S.
1094 2665 1117 2698 z.
1132 2649 1156 2699 8.

200 2717 278 2768 hieria
294 2715 356 2778 liegt
371 2714 426 2764 eine
439 2712 583 2764 verstecltte
596 2714 704 2779 Auspie-
791 2705 823 2765 Ἰ.
837 2713 877 2764 33.
890 2713 954 2766 Eius
963 2716 1035 2767 modi
1041 2719 1123 2782 igituir
1132 2718 1209 2770 credo
1222 2735 1268 2770 res

200 2788 260 2848 long
268 2782 313 2834 aul
324 2783 371 2832 den
381 2781 435 2831 Tod
445 2780 567 2843 Caesars3
579 2781 629 2845 vgl.
639 2781 703 2847 §.19
759 2787 806 2834 cet.
834 2783 895 2832 Hier
917 2783 967 2834 soll
983 2785 1023 2834 die
1041 2785 1191 2848 oigontliche
1208 2787 1266 2836 An-

201 2849 381 2914 uadll,7‚23.
757 2851 882 2913 bandlung
902 2857 957 2901 erst
973 2851 1109 2916 heginnen,
1131 2855 1179 2902 und
1197 2855 1264 2904 docta
1353 2887 1354 2894 η

234 2921 367 2987 et'pottuc,
385 2918 433 2967 wio
450 2918 583 2984 capotius
601 2916 611 2966 l
627 2916 652 2982 ᾗ.
670 2917 702 2967 68
757 2919 791 2969 ist
808 2919 852 2968 das
870 2918 1056 2986 Wesentliohe,
1072 2919 1199 2970 inwiesern
1216 2921 1263 2970 ein
1353 2923 1354 2936 ¹

196 2991 332 3058 potiusque
342 2985 352 3034 l
364 2982 388 3050 ᾖ.
402 2984 442 3034 92.
757 2986 861 3037 Conflict
873 2988 1000 3038 zwischen
1013 2988 1115 3053 Tugend
1127 2989 1177 3038 und
1189 2988 1262 3039 Nuz-

234 3061 362 3120 tomqoom
393 3054 559 3104 teimaiaus
588 3068 702 3120 corpore.
757 3055 1258 3118 zenmiiglichundwieorzneotsclael-
1353 3079 1354 3101 i

200 3126 251 3174 Der
260 3122 394 3186 Vergleich
406 3122 455 3171 und
467 3120 512 3170 das
525 3120 587 3170 oben
601 3122 702 3171 stehen-
756 3124 803 3174 den
816 3123 861 3188 set,
874 3123 950 3174 sehon
959 3131 1051 3188 gesafft.
1066 3123 1113 3171 llas
1122 3120 1260 3184 Folgende

199 3195 229 3242 de
242 3201 277 3242 e'aa
289 3193 468 3241 columnellam
478 3187 702 3240 eoetmno'aaodum
756 3189 853 3242 anehalt
869 3207 917 3242 our
933 3192 1059 3258 Beisplole.
1087 3188 1169 3238 Schon
1183 3188 1211 3255 ᾖ.
1224 3191 1262 3242 20

199 3265 240 3310 est
255 3260 385 3309 ealdutern
402 3259 449 3308 dea
466 3257 607 3308 Ausdruck.
637 3261 702 3308 toan·
755 3260 789 3312 ist
809 3259 849 3308 die
869 3259 1020 3323 allgemeiae
1035 3258 1111 3311 Norm
1130 3258 1177 3310 der
1194 3259 1263 3312 Ent-

199 3345 275 3395 quom
292 3333 388 3377 mnsste
401 3326 451 3376 Cic.
468 3327 543 3375 sciron
555 3341 643 3389 wegen
656 3327 700 3376 des
755 3327 890 3390 scheidnng
900 3327 1054 3392 anigestellt,
1066 3325 1187 3394 quidquid
1197 3328 1264 3380 utile

199 3393 701 3460 ungewdhnliohenSionesvondumom'-
755 3396 889 3456 doueatqm
909 3400 950 3446 est
968 3411 1014 3446 nec
1034 3397 1096 3446 utile
1115 3397 1262 3462 quiequam,

200 3470 239 3515 tue
251 3462 414 3526 ninantugen,
432 3464 475 3512 das
489 3470 542 3513 eost
554 3477 617 3526 ganz
629 3464 701 3528 spite
755 3463 823 3530 quod
832 3480 883 3514 noe
893 3465 1036 3530 deuectum,
1047 3464 1098 3514 uod
1110 3480 1132 3515 c.
1144 3465 1160 3514 5
1172 3465 1208 3515 ist
1216 3467 1262 3516 der

199 3532 385 3583 Schriltstoller
408 3532 533 3596 geradezu
556 3531 598 3582 fiir
615 3547 701 3597 genus
753 3531 815 3581 Sata
828 3532 968 3594 hewiesen3
981 3532 1181 3583 nnddochwird
1192 3533 1262 3585 Mar·
1352 3589 1353 3596 ἵ

199 3603 338 3652 demonum
350 3601 481 3652 branciaco.
503 3599 586 3664 Quint.
596 3598 699 3649 declam.
754 3615 799 3650 cus
817 3599 871 3651 hier
887 3600 1003 3664 gebeton,
1017 3601 1076 3650 dosa
1089 3615 1119 3650 er
1131 3604 1262 3652 cntweder
1352 3629 1353 3634 =

199 3671 222 3731 8,
236 3670 251 3720 3
264 3672 374 3721 maximi
386 3673 470 3720 tomen
485 3671 598 3719 termam
610 3671 636 3717 et
646 3669 701 3732 qui-
754 3668 800 3718 den
812 3667 955 3720 Grundsota
966 3669 1013 3719 dor
1021 3668 1127 3718 Stoike'r
1138 3669 1202 3718 oder
1214 3671 1261 3720 den

199 3743 245 3789 tus
256 3741 321 3789 ortis
333 3754 396 3788 suaa
411 3752 461 3787 noo
478 3738 513 3786 sit
523 3735 640 3786 solvendo
653 3735 700 3786 ltu-
753 3737 799 3786 der
822 3735 1005 3802 Peripatetiker
1035 3737 1114 3786 ohne
1138 3737 1261 3788 Beweis

199 3810 317 3858 monitae.
342 3805 368 3856 ln
385 3806 432 3855 don
444 3805 517 3854 Hdss.
531 3805 600 3855 steht
611 3804 700 3854 duma-
754 3806 898 3867 angostclre.

198 3877 284 3925 altolto
304 3890 419 3944 corpore,
443 3873 524 3923 tndem
544 3873 639 3923 wieder
659 3872 700 3922 die
788 3889 822 3922 eac
833 3872 1262 3942 mpmortoostitnaaausmutta

199 3943 335 4006 Endongen
366 3943 410 3992 der
434 3940 525 3992 Worte
554 3941 701 3992 vertauscht
736 3941 738 3946 ’
750 3945 888 4010 praecepto
916 3945 989 3992 cruat:
1022 3940 1078 3991 eine
1107 3941 1260 3994 ebensotahe
