2774 4482
172 231 212 294 56
602 229 645 282 DE
664 227 803 282 urricus
856 249 862 263 ·

152 425 155 432 ι
171 390 225 458 est,
241 401 314 462 quae
330 383 483 445 conficitur
498 403 531 444 ex
547 382 694 446 beneficiis
709 382 786 445 ultro
805 381 935 462 citroque
952 383 1027 445 datis
1039 382 1234 464 acceptisque,

173 487 247 548 quae
262 475 289 528 et
304 476 406 530 mutua
426 475 454 529 et
469 477 549 548 grata
564 469 634 531 dum
650 475 733 542 sunt,
752 467 829 530 inter
848 487 925 547 quos
940 487 973 529 ea
989 477 1059 532 sunt
1076 470 1162 532 firma
1181 470 1234 532 de·
1346 469 1347 478 ³

115 565 147 616 57
168 553 335 615 vinciuntur
351 553 495 616 societate.
519 553 578 615 Sed
596 573 661 615 cum
680 553 779 614 omnia
793 553 907 614 ratione
923 553 1080 632 animoque
1090 554 1234 629 lustraris,

169 639 301 700 omnium
318 638 490 702 societatum
505 639 582 700 nulla
599 647 645 701 ast
656 639 782 718 gravior,
797 638 877 699 nulla
889 639 985 700 carior
999 656 1087 719 quam
1100 659 1143 712 ea,
1160 659 1234 718 quae

168 741 235 786 cum
250 742 282 785 re
299 723 415 804 publica
431 732 477 785 est
491 724 543 786 uni
559 724 661 803 cuique
676 732 822 786 nostrum.
849 723 913 786 Curi
929 732 999 788 sunt
1009 733 1158 805 parentes,
1173 725 1233 786 cari
1309 740 1311 744 ·

161 808 263 882 liberi,
278 809 447 888 propinqui,
463 809 633 885 familiares,
648 810 698 871 sed
715 827 820 870 omnes
836 809 971 870 omnium
987 809 1122 871 caritates
1138 809 1232 888 patria

166 912 223 954 una
241 895 390 974 complexa
405 902 459 967 est,
475 913 530 974 pro
546 913 603 973 qua
618 894 684 974 quis
695 894 794 956 bonus
810 893 924 956 dubitet
937 903 1065 956 mortem
1080 901 1230 975 oppetere,

168 978 193 1038 si
212 979 237 1039 ei
257 981 296 1052 sit
314 978 511 1086 pquqtqrus?
541 981 607 1053 Quo
624 987 671 1040 est
691 979 888 1041 detestabilior
906 979 1034 1040 istorum
1053 979 1230 1053 immanitas,
1242 991 1330 1056 <trec

167 1063 216 1144 qui
239 1045 402 1126 lace‘larunt
423 1057 503 1136 omni
529 1065 637 1126 scelere
656 1065 779 1144 patriam
798 1071 827 1125 et
849 1064 880 1124 in
899 1084 932 1126 ea
956 1064 1088 1126 funditus
1109 1063 1230 1126 delenda
1242 1044 1327 1100 ep..

113 1157 145 1208 58
167 1150 300 1229 occupati
315 1157 345 1210 et
359 1159 429 1212 sunt
442 1157 472 1211 et
485 1151 612 1212 fuerunt.
645 1149 700 1210 Sed
723 1151 748 1210 si
763 1149 912 1212 contentio
932 1150 1073 1229 quaedam
1094 1157 1123 1209 et
1144 1168 1228 1210 com·

165 1234 278 1312 paratio
298 1235 348 1296 fiat
372 1235 477 1314 quihus
497 1235 657 1314 plurimum
676 1234 866 1295 tribuendum
891 1235 930 1296 sit
950 1234 1053 1307 officii,
1080 1233 1228 1314 principes

165 1319 225 1379 sint
235 1319 329 1397 patria
340 1327 368 1380 θι
378 1327 525 1400 parentes,
539 1338 664 1398 quorum
676 1319 825 1381 beneficiis
837 1319 971 1382 maximis
984 1319 1102 1398 obligati
1114 1337 1228 1393 sumus,

164 1403 291 1484 proximi
305 1404 387 1465 liberi
402 1412 521 1483 totaque
536 1405 658 1471 domus,
678 1423 751 1484 quae
771 1411 883 1484 spectat
903 1405 933 1465 in
953 1422 1010 1496 nqs
1031 1403 1115 1482 solos
1116 1422 1228 1504 wogque

164 1488 241 1550 aliud
257 1490 348 1550 ullum
363 1498 462 1568 potest
472 1489 580 1552 babere
594 1489 769 1570 perfugium,
785 1489 923 1570 deinceps
934 1461 1227 1551 btfidbbbftmenes

164 1574 338 1653 propinqui,
358 1574 531 1654 quibuscum
553 1574 718 1667 comrpqnis
738 1574 825 1671 qqiqm
847 1577 965 1636 fortuna
979 1574 1153 1654 plerumque
1172 1581 1226 1636 est

165 1660 260 1732 Quam
276 1658 313 1719 ob
333 1678 398 1720 rem
418 1660 606 1744 necesssaria
619 1638 857 1738 piai'sidiauitae
876 1659 1019 1721 debentur
1037 1659 1074 1720 iis
1093 1658 1227 1733 maxime,

165 1763 240 1822 quos
251 1752 318 1805 ante
327 1744 394 1818 dixi,
406 1745 463 1805 vita
472 1752 569 1806 autem
578 1745 730 1824 victusque
740 1743 915 1818 communis,
928 1743 1226 1834 consiliasprmones,

38 1883 53 1892 ,
164 1831 383 1891 cohortationes
407 1830 637 1904 consolationes
667 1821 815 1891 inter‘dum
840 1829 926 1891 etiam
954 1812 1173 1908 obiii'r'qationes
1195 1829 1227 1890 in

164 1915 297 1976 amicitiis
311 1914 410 1993 vigent
424 1915 564 1988 maxime,
584 1924 685 1994 estque
701 1934 733 1975 ea
752 1913 964 1976 iucundissima
980 1913 1118 1986 amicitia,
1139 1933 1227 1994 quom

164 1998 324 2061 similitudo
340 2018 458 2061 morum
474 1999 646 2077 coniugavit.

105 2081 146 2141 18
250 2085 308 2146 Sed
326 2082 357 2144 in
372 2085 419 2146 bis
435 2084 572 2145 omnibus
593 2083 697 2146 officiis
716 2083 879 2144 tribuendis
901 2083 1059 2146 videndum
1080 2083 1135 2145 erit
1156 2084 1224 2164 quid

110 2174 143 2224 59
164 2169 267 2248 cuique
286 2169 414 2230 maxime
432 2186 554 2230 necesse
572 2169 658 2246 sitdet
680 2168 751 2247 quid
777 2168 900 2248 quisque
919 2168 964 2230 rel
983 2167 1047 2230 sine
1068 2169 1156 2231 nobis
1175 2177 1225 2231 aut

163 2254 260 2332 possit
274 2254 417 2335 consequi
432 2262 557 2316 autnon
571 2253 676 2333 possit.
705 2243 747 2316 lta
761 2271 824 2315 non
844 2254 932 2314 iidem
954 2262 1041 2315 erunt
1060 2254 1225 2316 necessitu-

161 2338 264 2401 dinum
279 2339 387 2418 gradus
407 2340 457 2419 qui
471 2349 654 2422 temporum,
676 2346 802 2426 suntque
822 2339 932 2412 officia,
954 2357 1027 2418 quae
1047 2339 1110 2401 aliis
1130 2339 1221 2417 magis

140 2441 249 2512 ·quam
270 2425 332 2486 aliis
353 2425 525 2498 debeantur,
549 2431 582 2485 ut
600 2424 729 2486 vicinum
754 2423 840 2486 citius
865 2424 1009 2485 adiuveris
1028 2424 1058 2485 in
1079 2424 1224 2486 fructibus

160 2509 356 2588 percipiendis
371 2527 459 2588 quam
475 2517 524 2571 aut
538 2511 657 2571 fratrem
672 2517 722 2570 aut
733 2508 912 2583 familiarem,
928 2516 966 2581 at,
983 2509 1009 2570 si
1022 2509 1057 2569 lis
1073 2509 1102 2570 iu
1115 2509 1224 2570 iudicio

83 2770 86 2778 .
159 2729 256 2780 finition
274 2730 308 2781 ist
325 2730 405 2793 (Dios.
421 2729 507 2781 baert.
524 2727 578 2792 vn,
593 2727 664 2780 2311.
718 2731 817 2796 daraus,
828 2727 1223 2794 dassgegeuseitigellrmabnun·

161 2797 219 2862 124)
238 2801 370 2851 κοινωνία
382 2797 438 2850 τῶν
449 2792 518 2849 κατὰ
532 2792 581 2849 τὸν
592 2799 663 2863 βίον,
718 2814 765 2862 gen
777 2816 801 2850 u.
809 2815 868 2850 ow.
878 2797 1014 2849 besondera
1022 2795 1046 2844 in
1055 2794 1221 2846 dorlfreund-

154 2867 311 2984 ἴρωμένων
330 2862 411 2935 ἡμῶν
434 2869 493 2922 τοῖς
537 2866 608 2922 flore
629 2860 666 2922 ὥς
719 2867 800 2918 schaft
811 2867 865 2918 ihre
877 2867 958 2918 Stella
971 2864 1061 2927 finden,
1077 2863 1147 2928 folgt,
1162 2864 1221 2914 dass

173 2937 274 2991 αυτοῖς.
299 2933 357 2997 Vgl.
370 2933 460 2999 Porpb.
471 2950 493 2984 z.
530 2949 566 2986 or.
587 2948 663 2983 carm.
718 2935 758 2985 die
767 2934 813 2986 auf
819 2933 960 2985 Glciebbeit
968 2933 1014 2984 der
1023 2933 1103 2984 Sitten
1113 2931 1222 2995 gegriin·

156 2999 176 3066 l,
199 2999 256 3068 3‚8
279 3003 361 3084 (petto
378 3000 438 3053 ἐστι
458 3004 513 3072 μία
537 2995 613 3068 ψυχὴ
636 2998 666 3053 ἓν
718 3000 1224 3064 dctenFreuudscholtendieaogeucbm·

156 3067 241 3122 dcciv
253 3082 392 3138 σωμασιν.
719 3078 775 3121 stou
789 3071 853 3121 sind.

192 3137 233 3188 st.
252 3142 368 3207 occupati
382 3143 408 3189 al
424 3141 488 3188 sunt
504 3141 529 3188 θι
537 3137 664 3202 suerunt.
751 3153 891 3217 conjugare
915 3154 953 3201 ,ῃ
973 3143 1050 3208 ἅπαξ
1072 3151 1161 3219 pm,
1183 3149 1224 3199 bei

157 3203 237 3257 Unter
258 3207 344 3256 diesen
370 3207 486 3257 verstebt
509 3205 597 3256 Cicero
621 3204 662 3253 die
717 3215 1223 3284 cqcepffiwqewpugatmdeqtv,1‚32‚70‚

156 3271 293 3338 Graceben,
308 3273 424 3338 Catilina,
437 3273 548 3336 Clodius,
562 3272 662 3336 Caesar,

154 3349 229 3392 noter
235 3341 312 3406 jenen
322 3341 444 3392 Antonius
454 3342 505 3391 und
514 3341 600 3392 seinen
610 3339 663 3390 dn·
734 3313 802 3402 ⁰18..
814 3317 1223 3402 59·i0'⁷⁶1{9f0⁸l¹¹d3118⁵0r0Ver·

155 3409 228 3474 hang,
717 3388 1225 3452 baltmsse,Umstande,auebabgeseben

189 3478 229 3528 58·
248 3478 365 3547 ἀώρῳ,
386 3477 533 3528 bezeichnet
551 3478 597 3527 de„
615 3492 662 3528 un,
716 3456 889 3520 vonderZeit,
902 3453 1223 3521 etensotempusn1,t,19.

153 3547 381 3598 unterbroebauien
392 3546 613 3609 Zusamtnenbaog,
625 3545 669 3595 da-
754 3541 954 3593 necaosa'tudiues
971 3541 1072 3590 boissen
1090 3538 1140 3590 alle
1157 3540 1224 3592 Ver·

151 3614 219 3679 etde,
228 3631 281 3668 was
288 3615 380 3682 juber
388 3617 452 3666 ench
462 3615 549 3665 steben
556 3614 660 3676 libante,
719 3612 873 3675 biudungen,
892 3609 931 3660 die
948 3625 995 3659 uos
1012 3607 1068 3658 eine
1087 3607 1225 3673 Verpdieb-

154 3684 194 3734 die
204 3684 283 3748 Fulge
292 3689 325 3736 im
331 3683 517 3748 Aligemeinem
531 3681 582 3746 νει.
590 3679 613 3746 ξ.
621 3679 661 3730 42.
717 3687 781 3743 tang
792 3679 837 3730 der
849 3678 933 3728 Pietiit
944 3677 1072 3742 aussegen,
1095 3676 1144 3726 wia
1156 3674 1225 3725 Ver-

188 3757 275 3818 oetque
292 3770 323 3805 aa
337 3749 534 3804 iucundissima.
568 3749 661 3800 lliecen
716 3745 891 3811 wandtsehaft,
902 3741 1224 3807 Facundscbaft,dasVer·

154 3821 230 3872 sebon
241 3821 304 3870 obeo
314 3818 547 3886 ausgeaproebenen
558 3816 660 3868 Gadan-
716 3815 823 3866 biiltniss
841 3814 1081 3879 desVorgesctzten
1098 3826 1155 3862 zum
1172 3809 1223 3862 Un-

152 3887 201 3940 ben
218 3888 369 3940 wiederbolt
384 3887 434 3939 Cic.
452 3887 514 3950 bier,
526 3885 585 3937 weil
597 3886 659 3935 auch
716 3883 872 3948 ter-gehenon
885 3901 909 3934 u.
923 3881 1082 3933 beboliebes.
