2718 4484
508 291 567 344 ΗΒ.
580 291 620 344 ill.
646 290 715 342 CAP.
728 291 753 340 4.
766 291 790 340 5.

1119 293 1178 355 109

115 447 177 506 hoc
201 445 316 517 volunt,
342 445 517 508 incolumem
538 465 603 508 esse
624 446 727 507 civium
749 443 997 520 coniunctionem,
1022 464 1109 525 quom
1129 447 1179 526 qui

116 529 273 605 dirimunt,
293 551 344 592 eos
364 540 459 593 morte
480 532 576 607 exilio,
597 532 698 592 vinclis
718 531 825 591 damno
842 537 984 592 coercent.
1014 531 1108 612 Atque
1122 533 1179 594 hoc
1254 604 1256 609 .

115 616 210 678 multo
226 617 318 695 magis
335 617 421 678 elficit
435 619 499 697 ipsa
514 626 634 678 naturae
649 617 736 690 ratio,
759 634 832 693 quae
847 623 891 676 est
909 616 954 678 lex
969 616 1063 678 divina
1079 624 1107 677 et
1121 617 1183 680 hu-,

114 708 218 774 mana:
248 703 292 763 cni
311 721 414 780 parere
434 704 484 782 qui
503 704 570 764 velit
588 737 629 747 -—
645 720 747 763 omues
768 709 864 761 autem
884 700 1039 780 parebunt,
1060 703 1109 781 qui
1129 721 1177 764 se-

115 787 248 848 eundum
267 796 400 848 naturam
419 789 516 850 volent
534 789 628 850 vivere
643 823 684 831 -
699 805 859 866 numquam
880 787 1042 848 committet
1061 795 1093 848 ut
1107 789 1177 849 alic-

114 891 189 934 num
204 879 321 951 appetat
335 881 364 933 et
377 873 420 942 id,
442 875 520 953 quod
536 873 616 935 alteri
631 872 798 944 detraxerit,
815 871 871 932 sibi
888 871 1029 932 adsumat.
1059 873 1175 934 Etenim
1196 884 1230 934 24
1283 929 1288 940 .

114 957 209 1018 multo
221 958 313 1036 magis
323 966 368 1019 est
378 959 538 1020 secundum
554 966 689 1026 naturam
704 956 855 1018 excelsitas
867 956 956 1017 animi
968 966 995 1018 et
1006 959 1175 1036 magnitudo

115 1039 245 1121 itemque
264 1045 399 1116 comitae,
419 1044 541 1117 iustitia,
561 1043 714 1104 liberalitas
736 1061 821 1121 quam
841 1042 987 1121 voluptas,
1010 1061 1097 1122 qnam
1112 1044 1195 1117 vita,

115 1126 244 1189 divitiae:
268 1147 341 1208 quae
361 1129 479 1209 quidem
500 1136 686 1190 contemnere
706 1135 735 1187 ct
754 1145 808 1207 pro
829 1127 919 1188 nihilo
936 1127 1041 1189 ducere
1055 1147 1177 1207 compa·

114 1219 231 1274 nantem
252 1231 317 1274 onrn
337 1213 458 1275 utilitate
478 1214 628 1276 communi
648 1213 746 1291 magni
767 1212 855 1273 aninti
872 1221 900 1273 et
915 1213 1021 1273 excelsi
1037 1221 1089 1274 est.
1119 1214 1175 1274 lle-

114 1299 231 1360 trahere
246 1307 342 1360 autem
359 1301 394 1360 de
409 1300 498 1361 altero
515 1300 561 1360 sui
578 1299 726 1360 commodi
742 1317 827 1360 cansa
843 1298 935 1376 magis
952 1306 996 1358 est
1008 1306 1110 1364 contra
1121 1317 1175 1360 na-

114 1391 212 1445 turam
232 1403 319 1463 quam
338 1403 435 1458 mom,
456 1403 543 1464 quam
565 1385 665 1457 dolor,
687 1402 774 1462 (pram
795 1391 888 1452 cetera
904 1383 1017 1461 generis
1034 1383 1174 1445 eiusdem.

113 1469 247 1548 Itemque
266 1469 358 1548 magis
373 1478 418 1530 est
434 1471 595 1531 secundum
611 1478 743 1530 naturam
758 1487 813 1548 pro
830 1468 967 1529 omnibus
983 1469 1129 1546 gentibue,
1150 1470 1175 1531 si
1195 1478 1228 1528 25

114 1553 178 1614 lieri
197 1555 306 1632 possit,
334 1555 540 1616 conservandis
561 1564 610 1616 aut
634 1553 766 1615 iuvandis
785 1552 930 1613 maximos
949 1553 1176 1616 laboresmole·

114 1637 244 1719 stiasqne
264 1640 414 1722 suscipere
432 1640 594 1702 imitantem
614 1625 769 1700 Herculem
792 1639 889 1712 illum,
914 1658 1000 1719 quem
1021 1639 1176 1700 bominum

113 1725 191 1785 lama
205 1725 414 1787 beneficiorum
429 1744 544 1786 mernor
558 1727 589 1786 in
602 1723 725 1786 concilio
739 1723 904 1784 caelestium
916 1723 1073 1796 collocarit,
1089 1743 1176 1804 quam

112 1809 211 1870 vivore
226 1810 257 1870 in
278 1810 433 1872 solitudine
451 1828 514 1871 non
533 1811 623 1871 modo
640 1810 703 1872 sine
718 1809 783 1869 ullis
798 1807 954 1882 molestie,
976 1809 1027 1869 sed
1044 1809 1130 1870 etiam
1145 1808 1175 1870 in

112 1894 248 1956 maximis
272 1896 467 1974 voluptatibus
493 1896 688 1958 abundantem
713 1894 850 1954 omnibus
871 1893 978 1972 copiis,
1003 1902 1036 1955 ut
1055 1895 1175 1956 excellas
1245 1957 1248 1964 ,

112 1979 201 2040 etiarn
216 1981 409 2059 pulcritudine
424 1991 453 2042 ct
467 1981 585 2043 viribus.
615 1979 757 2053 Quocirca
772 1979 883 2058 optimo
900 1979 1024 2058 quisque
1036 1986 1064 2040 et
1075 1981 1175 2060 splen-

113 2063 268 2126 didissimo
285 2066 401 2146 ingenio
417 2067 503 2146 longe
517 2067 595 2128 illam
610 2065 697 2126 vitam
712 2064 780 2126 huic
794 2063 953 2143 anteponit.
979 2065 1022 2126 Ex
1037 2083 1095 2144 qno
1111 2067 1174 2126 effi-

16 2153 19 2160 “
112 2150 188 2210 citur
202 2150 354 2212 bominem
369 2160 488 2212 naturae
504 2152 706 2213 oboedientem
721 2150 833 2210 homini
847 2167 953 2210 nocere
968 2168 1029 2210 non
1045 2150 1142 2228 po'sse.

199 2235 307 2298 Deinde
327 2237 377 2314 qui
397 2237 518 2296 alterum
541 2237 639 2310 violat,
658 2243 690 2295 ut
705 2235 768 2314 ipse
782 2235 889 2313 aliquid
906 2233 1053 2295 commodi
1069 2233 1173 2297 conse·
1195 2242 1227 2293 2ss

113 2326 235 2399 quatur,
256 2328 306 2380 aut
324 2321 398 2380 nihil
417 2319 560 2382 existimat
580 2341 611 2383 se
631 2323 726 2382 lacere
747 2327 846 2381 contra
867 2326 1001 2379 naturam
1017 2326 1066 2378 aut
1080 2321 1173 2398 magis

112 2401 283 2480 fugiendam
303 2412 403 2464 censet
421 2413 560 2478 mortem,
581 2399 796 2487 paupertatem,
817 2403 964 2476 dolorem,
985 2404 1174 2466 amissionem

149 2588 280 2658 duranum,
296 2588 449 2641 Geldstrale.
530 2590 532 2598 '

147 2660 234 2723 Atque
246 2657 293 2706 boc
312 2658 386 2710 ntiml.
399 2659 549 2710 incolumem
562 2677 619 2712 ease

111 2728 205 2777 cebetem
216 2729 431 2778 coniunctionem:
449 2727 539 2778 danaus
554 2728 619 2779 l'a'uft

111 2796 159 2845 der
179 2809 259 2858 ganza
277 2792 393 2859 lolgende
405 2795 502 2846 boweis
514 2797 616 2859 hinaus;

111 2861 215 2912 desbalb
225 2861 283 2911 dans
288 2877 344 2913 man
354 2863 408 2913 dies
418 2865 617 2915 nicbtaleuwei-

111 2938 153 2980 tes
165 2930 379 2996 Hauptargument
393 2934 511 2982 onseben.

146 3003 254 3049 naturae
271 3001 347 3065 ratio,
366 3015 430 3066 quea
447 3005 488 3050 cet
504 3001 615 3052 leodic:

111 3071 138 3117 et
155 3067 194 3116 le:
217 3066 288 3130 Diog.
302 3067 388 3118 Laert.
401 3067 457 3132 Vll,
477 3068 509 3118 88
526 3064 618 3126 κοινὸς

110 3128 617 3260 attritamtabutinus

110 3271 151 3338 τῷ
164 3272 213 3322 ’Διὶ
226 3221 400 3354 campaneio
409 3267 497 3338 τούτῳ
507 3221 617 3338 edobola

111 3331 201 3391 ὄντων
213 3337 377 3406 διοικησεως
391 3331 458 3391 <ivre
481 3341 526 3391 Dic
535 3342 615 3405 allge-

109 3408 206 3476 meipe,
236 3407 276 3457 dic
302 3407 373 3459 Welt
402 3409 615 3474 durobdringende

110 3475 245 3538 Vernuult,
269 3477 313 3527 das
338 3477 440 3527 oberste
464 3476 558 3528 Gesetz
582 3479 616 3528 im

76 3571 82 3584 ·
109 3545 199 3594 Staate
217 3544 261 3594 der
276 3544 412 3594 Menscben
429 3546 479 3595 und
497 3545 616 3596 Gdtterl

109 3609 131 3662 c.'
146 3611 187 3675 43,
201 3611 241 3662 bei
254 3611 303 3663 Cic.
317 3612 361 3667 tea
372 3629 485 3680 summa,
504 3629 565 3664 cera
576 3619 616 3664 at-

106 3681 616 3800 tltttttttttllttttltt‘m't

103 3767 615 3886 faumdcsunrpr'oiaueqoeacidiza?

108 3888 139 3936 do
156 3887 207 3950 leg.
225 3885 244 3951 1,
262 3885 286 3950 6,
306 3885 346 3936 te.
372 3885 486 3936 Insolero
504 3903 531 3937 es
549 3888 614 3951 cwig

107 3954 158 4004 und
178 3954 390 4006 unveriinderlicb
412 3955 458 4020 ist,
485 3957 565 4006 bcisst
585 3972 613 4006 es

673 2591 840 2662 εἱμαρμένη,
862 2589 998 2640 Scbieksal.
1023 2589 1090 2640 Zeus
1111 2591 1174 2641 wind

673 2661 802 2710 cntweder
811 2659 860 2708 ihm
870 2658 992 2708 identiscb
1002 2659 1108 2720 gedacbt
1114 2661 1175 2709 oder

672 2729 710 2778 als
724 2729 776 2777 sein
790 2727 905 2776 eberster
917 2725 1100 2776 Vollstrecker.

698 2818 747 2867 124.
764 2817 871 2868 Etenim.
890 2817 945 2870 Von
956 2817 1173 2880 derallgemoinen

660 2881 797 2939 'vernante
814 2886 878 2938 wind
890 2885 935 2936 auf
944 2887 1020 2935 deren
1030 2885 1120 2936 Abbild
1133 2888 1173 2936 die
1258 2897 1262 2907 “
1299 2963 1301 2970 X

671 2953 830 3018 verniinltige
877 2954 1087 3014 Menscbennatur
1130 2971 1174 3018 ge·

672 3023 809 3073 soblossen.
845 3022 871 3072 ln
895 3025 941 3073 der
964 3024 1091 3072 biicbsten
1107 3023 1174 3075 Vor-

672 3091 764 3170 sobrilq
773 3092 818 3140 der
828 3091 929 3141 Stoilicr
942 3085 1176 3172 dpaoioyoqqatvorc

671 3159 1173 3291 qqrsqiqqqastqqlgquqgiqqeqvqlngqeqq

670 3295 825 3345 andrenseits
843 3297 934 3346 dessen
947 3295 1045 3356 nubilo,
1064 3297 1103 3345 dic
1116 3311 1175 3346 ver·

670 3361 783 3426 niinltige
797 3363 1014 3414 Menscbennatur.
1033 3418 1038 3423 ‚

704 3453 823 3518 cernitar,
840 3456 950 3517 instituo,
964 3454 1104 3506 liberalitas
1118 3457 1173 3506 sind

670 3521 709 3571 dic
720 3519 913 3586 'inpendendus
920 3523 1030 3591 welcben
1037 3523 1172 3576 diezweite

670 3589 1171 3654 Cardinaltugendeommunitoabestcbt3

670 3675 690 3707 s.
705 3659 727 3724 ξ.
744 3659 798 3708 118.
819 3659 934 3722 Dagegen
947 3657 1012 3708 fasst
1023 3656 1041 3722 l,
1053 3659 1076 3721 7,
1087 3661 1119 3710 20
1132 3661 1171 3710 die

668 3726 809 3777 liberalitas
823 3727 861 3776 die
874 3729 980 3776 comitor
992 3727 1074 3784 mitin
1087 3729 1147 3778 sicb.

703 3818 743 3868 25.
762 3821 790 3868 ia
812 3800 960 3870 solitudine:
980 3813 1121 3880 Gegensatz
1140 3837 1172 3870 zu

667 3889 798 3938 convictus
810 3888 941 3938 bonrinum
951 3890 975 3937 et
983 3889 1106 3952 rooa'etc'u5
1120 3889 1170 3954 vgl.

666 3953 685 4022 l,
699 3955 740 4021 43,
756 3954 812 4006 153.
