2788 4486
181 220 241 284 136
608 215 651 268 nu
670 215 808 268 urricus

180 375 256 437 venit
266 374 459 454 largitionem
470 373 593 436 fundum
604 390 667 434 non
677 371 802 434 haberet
816 369 932 434 Etenim
944 371 1011 452 quis
1023 379 1122 452 potest
1132 373 1260 442 modus,

179 480 254 536 esse,
272 479 339 524 cum
351 470 380 522 et
390 459 468 521 idem
479 459 529 540 qni
540 465 758 520 consueverunt
772 465 801 518 et
816 457 893 518 idem
907 457 977 519 illud
991 457 1038 518 alii
1052 457 1241 522 desiderent?

122 547 162 608 lb
237 580 244 593 ·
265 546 394 608 Omnino
415 546 473 606 duo
495 555 565 607 sunt
590 562 694 624 genera
719 544 880 622 largorum,
906 561 1034 625 qnorum
1061 544 1142 606 alteri
1168 563 1241 626 pro·

182 632 250 710 digi,
267 631 348 694 alteri
362 631 507 693 liberales:
523 629 646 710 prodigi,
662 629 712 710 qni
728 629 821 709 epulis
838 637 866 690 et
879 627 1120 692 viscerationibus
1135 638 1164 692 et
1179 632 1241 710 gla-

181 717 327 778 diatorum
342 715 524 788 muneribus,
539 715 677 777 ludorum
689 715 934 794 venationumque
946 723 1087 795 apparatu
1101 717 1241 796 pecunias

181 803 365 881 profundunt
379 800 409 862 iu
424 821 472 862 eas
487 820 544 875 res,
561 819 685 880 quarum
696 799 871 862 memoriam
883 808 932 861 aut
942 801 1060 862 brevem
1072 809 1122 864 aut
1132 802 1242 868 nullam

127 903 159 952 56
181 885 303 948 omnino
319 887 379 948 sint
397 886 539 958 relicturi,
559 886 690 948 liberales
705 892 816 959 autem,
836 885 885 964 qui
906 886 967 947 suis
987 886 1173 950 facultatibus
1193 896 1243 949 aut

183 980 285 1052 captos
301 992 316 1033 a
331 972 531 1052 praedonibus
546 971 694 1032 redimunt
709 977 758 1032 aut
774 989 822 1032 aes
838 970 965 1032 alienum
985 972 1151 1052 suscipiunt
1167 973 1241 1034 ami-

180 1075 285 1120 corum
300 1065 350 1119 aut
370 1058 400 1119 iu
421 1057 545 1118 tiliarum
566 1055 756 1125 collocatione
776 1056 913 1118 adiuvant
932 1065 982 1119 aut
1003 1057 1184 1136 opitulantur
1198 1059 1242 1121 vel

180 1143 211 1204 in
226 1162 259 1204 re
274 1142 441 1223 quaerenda
463 1144 513 1203 vel·
523 1141 659 1226 augenda.
690 1142 790 1221 ltaque
805 1141 898 1203 miror
913 1143 982 1223 quid
1002 1143 1033 1204 in
1047 1151 1176 1205 mentem
1191 1162 1241 1205 re-

180 1228 256 1290 nerit
271 1228 478 1308 Theophrasto
494 1227 525 1289 iu
540 1247 575 1287 eo
590 1225 675 1300 libro,
692 1246 779 1306 quoru
795 1227 841 1300 ,de
856 1227 971 1289 divitiis‘
988 1229 1118 1308 scripsit:
1133 1229 1164 1288 in
1180 1247 1240 1308 quo

178 1313 269 1374 multa
283 1313 437 1393 praeclare,
451 1311 523 1374 illud
539 1311 673 1374 absurde.
699 1313 753 1373 Est
767 1312 845 1373 enim
857 1313 967 1376 multus
978 1314 1009 1375 in
1021 1314 1163 1376 laudanda
1175 1331 1239 1375 ma-

179 1397 343 1479 gnificentia
355 1409 385 1460 et
396 1398 586 1478 apparatione
597 1396 783 1478 poprdan'um
796 1395 953 1460 munerum
965 1399 1123 1478 taliumque
1135 1417 1240 1480 sump-

179 1492 263 1547 tuum
278 1484 442 1546 facultatem
457 1485 585 1546 tractum
606 1482 771 1546 divitiarum
786 1491 876 1562 putat.
907 1485 976 1546 Mihi
993 1493 1090 1548 antem
1103 1485 1150 1547 ille
1161 1485 1241 1546 irne-

141 1633 146 1638 ,
178 1579 226 1632 tus
252 1569 447 1641 liberalitatis,
474 1570 556 1632 cuius
582 1587 674 1648 pauca
699 1570 828 1649 exempla
853 1571 954 1650 posui,
979 1572 1072 1632 multo
1098 1579 1126 1631 et
1148 1570 1243 1632 maior

179 1655 292 1719 videtur
307 1663 336 1717 et
350 1654 465 1717 certior.
493 1654 617 1730 Quando
633 1654 731 1716 Aristo
746 1654 821 1716 Gens
837 1656 951 1734 graviru
967 1665 996 1718 et
1011 1657 1105 1718 verius
1121 1675 1178 1718 uos
1193 1673 1242 1717 re-

180 1740 348 1822 prehendit,
364 1741 413 1821 qui
427 1741 482 1802 has
497 1740 687 1820 pecuniarum
702 1740 860 1802 effusiones
876 1760 939 1803 nou
954 1741 1147 1816 admiremur,
1168 1761 1242 1822 quae

179 1828 254 1889 liunt
265 1827 300 1888 ad
311 1826 526 1912 multitudinem
539 1825 746 1888 deleniendam.
764 1827 810 1900 ,ht
820 1826 850 1901 ii,
859 1827 909 1907 qui
920 1827 955 1889 ab
964 1829 1050 1888 hoste
1063 1826 1241 1900 obsidentur,

146 1975 161 1984 ,,
179 1912 204 1974 si
234 1931 331 1973 emere
361 1931 452 1992 aquae
482 1911 640 1973 sextarium
664 1919 839 1990 cogerentur
866 1913 957 1988 mina,
983 1914 1041 1974 hoc
1070 1913 1167 1994 primo
1193 1913 1240 1974 in·

212 2116 372 2184 lerfflticnem
380 2115 500 2182 suadem
515 2131 567 2168 aron
582 2117 683 2168 habac.
737 2115 898 2181 Aristoteles,
910 2117 936 2168 in
948 2117 1040 2168 desscn
1050 2116 1176 2170 Schriften
1189 2118 1241 2170 sich

112 2205 116 2212 ·
129 2233 131 2238 ,
147 2211 149 2216 ·
178 2186 229 2237 Das
242 2185 372 2236 Schenhen
389 2185 454 2236 wird
469 2185 514 2236 mit
525 2185 581 2234 dem
594 2185 684 2234 durch·
737 2184 799 2234 nbcr
810 2185 928 2248 uirgeuds
940 2185 981 2236 eiu
992 2187 1134 2250 dorartiger
1144 2185 1243 2238 Gednn·

178 2255 309 2306 liicherteu
326 2253 406 2304 Ferre
423 2254 469 2304 der
484 2253 612 2304 Danaiden
624 2269 684 2304 ver·
737 2253 769 2303 lre
782 2254 873 2315 finden
894 2255 956 2304 cuch
969 2254 1064 2306 stimmt
1080 2255 1156 2306 darnit
1172 2255 1242 2306 scine
1264 2311 1268 2314 ,

178 2323 285 2387 glichen.
304 2321 339 2372 Es
351 2321 430 2374 findet
438 2321 495 2372 kein
506 2321 569 2388 Ziel,
578 2322 605 2386 je
615 2323 685 2372 mehr
739 2321 904 2387 Schilderung
930 2323 975 2374 des
999 2321 1156 2392 ἐλευθέριος
1178 2325 1242 2388 (eth.

164 2387 166 2396 ’
179 2391 391 2456 geschenhtwird,
401 2390 682 2442 destamehrwirdver·
737 2389 946 2455 Nic.lV‚z.Anl.)
954 2391 1137 2442 uiobtiiberein.
1148 2392 1243 2443 Wahr-

179 2459 258 2523 langt.
370 2485 374 2491 ·
738 2459 872 2510 scheinliah
890 2460 1193 2512 ist'daherhristosseus
1211 2477 1243 2510 zu

213 2531 407 2590 consueverant,
421 2525 495 2576 niiml.
508 2525 632 2592 accipere.
738 2526 817 2578 loson.
843 2528 932 2578 Dieser
943 2529 1020 2590 (nicht
1029 2545 1061 2578 zu
1070 2529 1241 2579 verwechseln

215 2586 267 2646 ld.
290 2594 385 2666 cpolim
402 2594 561 2658 dergleichcn
579 2595 683 2644 wurden
737 2596 783 2646 mit
794 2595 848 2646 dem
858 2594 928 2658 1,2,6
941 2596 1242 2647 erwiihutenhrietocbi-

180 2665 235 2715 dem
247 2663 340 2714 Senate
352 2662 397 2714 anf
407 2663 462 2713 dem
475 2655 573 2728 Capitol
586 2663 648 2712 oder
659 2663 684 2711 iu
738 2663 776 2724 us)
790 2676 845 2711 war
855 2663 905 2711 seit
917 2662 956 2711 01.
969 2663 1016 2712 133
1031 2665 1080 2726 (um
1090 2663 1148 2727 228)
1161 2665 1250 2730 Haupt·

180 2734 262 2784 ciuem
277 2731 381 2799 Tempel
402 2733 453 2782 und
471 2732 527 2782 dem
542 2729 624 2783 Vollre
641 2729 687 2780 aui
739 2729 783 2780 der
801 2729 1010 2795 peripatetischen
1025 2729 1116 2781 Schule
1134 2733 1185 2782 und
1201 2733 1244 2783 hat

180 2802 235 2852 dem
241 2799 334 2852 Forum
345 2800 421 2851 theile
434 2800 533 2850 beiden
542 2800 623 2866 scrita
632 2797 683 2850 La-
738 2805 813 2847 anter
821 2798 915 2848 andern
923 2791 1115 2866 ὑπομνήματα
1125 2799 1190 2864 περὶ
1199 2815 1242 2849 κε-

180 2871 250 2933 tim'a,
263 2870 338 2920 theils
346 2866 684 2931 beiLcicheubegiingnissen
737 2862 868 2924 νοδοξίας
876 2864 1051 2928 gescbrioben‚
1065 2864 1090 2913 in
1100 2865 1179 2914 denen
1190 2864 1242 2914 die-

179 2937 230 2989 und
242 2938 373 2988 dholichcn
384 2935 581 2998 Gelegenheiten
590 2949 683 2985 veran—
722 2929 928 2999 'sochusspruch
938 2933 988 2982 wol
998 2932 1082 2983 soineu
1092 2930 1165 2984 Pintz
1175 2930 1242 2984 lond.

180 3006 277 3058 staltet.
302 3005 359 3068 Vgl.
373 3003 397 3070 5.
411 3003 452 3054 58.
737 3001 795 3065 Vgl.
812 3002 859 3050 den
875 3001 1005 3052 iihnliohen
1022 3002 1167 3068 Ausspruch
1184 3001 1242 3052 dos-

214 3075 396 3126 ciscerationer
407 3087 492 3122 waren
505 3069 683 3136 urspriinglich
738 3069 823 3120 selben
845 3069 948 3136 Aristo,
970 3069 1016 3120 der
1035 3070 1242 3120 wahrscheinlich

179 3141 377 3205 Vertheilungen
393 3155 442 3192 von
460 3140 545 3189 rehem
556 3138 683 3202 Fleisehe,
737 3139 800 3188 cuch
816 3138 841 3187 in
856 3138 926 3188 dieoe
942 3137 1036 3190 Schrilt
1052 3139 1154 3219 gehdrt7
1175 3137 1242 3189 Plnt.

179 3226 210 3262 an
228 3212 319 3262 desscu
336 3208 417 3259 Stelle
438 3208 524 3274 epiitcr
539 3208 601 3256 cuch
619 3205 683 3257 Geld
738 3206 791 3257 Cat
803 3207 860 3256 mni.
875 3205 905 3255 18
925 3200 940 3256 ὃ
962 3205 1008 3256 καὶ
1028 3201 1151 3277 μάλιστα
1170 3219 1243 3277 φασι

179 3280 290 3344 gegeben
303 3277 397 3327 wurde.
736 3270 786 3326 rho
798 3267 1116 3346 φιλόσοφονᾍρίστωνα
1127 3270 1242 3345 θαυμά-

127 3405 131 3409 ,
213 3349 387 3409 ammonent,
409 3343 577 3395 Thierhetzeu
589 3343 614 3393 in
627 3344 682 3394 dem
738 3343 803 3406 ζειν,
822 3336 865 3394 ὅτι
882 3338 946 3400 τοὺς
963 3338 996 3394 τὰ
1014 3339 1130 3415 περιττὰ
1147 3360 1242 3410 κεκτη-

179 3415 366 3482 Amphithenter
377 3414 426 3462 und
438 3412 534 3464 Circus.
736 3411 838 3480 μένους
848 3411 956 3481 μᾶλλον
972 3407 1106 3480 ἡγοῦνται
1120 3416 1242 3482 μακαρί-

215 3483 254 3534 56.
279 3484 456 3554 apparatione,
474 3481 602 3548 pr'a‘chtige
617 3482 683 3533 hus·
737 3496 785 3537 ους
807 3476 823 3546 ἢ
845 3475 909 3538 τοὺς
934 3475 1169 3550 τῶν,ἀναγκαίων
1196 3481 1242 3532 καὶ

181 3553 294 3616 riistnnc,
303 3546 597 3620 wieapparalual‚8,25,
609 3551 684 3600 ebon-
733 3551 882 3620 χρησίμων
895 3544 1078 3618 ἀποροῦντας.

181 3637 209 3671 so
226 3621 270 3670 das
286 3619 446 3685 Adjectivnm
461 3624 612 3702 apparatam.
624 3634 682 3688 ¹pro
771 3633 832 3668 noe:
847 3617 963 3670 dasselhe
974 3619 1123 3684 allgemeine
1136 3617 1240 3681 Subjcct

182 3687 683 3758 Sest56,llbapparatreaa'mimagaifi·
736 3685 1241 3756 wirddaundurchattendoriptbezeich-

182 3757 434 3826 centiora'ao'qncludt.
444 3755 686 3824 tramittenda·
737 3762 787 3822 net,
799 3771 819 3806 s.
833 3771 855 3804 z.
869 3753 894 3822 ᾗ.
907 3755 948 3806 39.

182 3825 446 3894 armicomagm'stcea
461 3827 682 3908 paratoqaesartr'.
770 3823 943 3876 admirarer:
963 3823 1113 3890 lll,19,75.

214 3898 305 3948 An‘rto
330 3895 402 3946 Cerne.
436 3841 482 3945 tlte
507 3895 580 3945 lldss.
604 3894 682 3944 haben
771 3898 925 3959 cogerentur
945 3892 1023 3942 haben
1045 3892 1085 3942 die
1105 3891 1179 3942 lldss.
1213 3889 1240 3942 ln
