2788 4486
210 307 269 369 160
419 289 466 410 m*
637 306 681 356 nn
700 304 837 357 enricus

111 444 153 503 Ψ
209 469 313 522 senatu
328 451 485 542 deletisque
499 461 613 524 iudiciis
629 461 698 541 quid
713 459 851 541 estquod
866 460 988 540 dignum
1002 460 1090 523 nobis
1105 469 1154 524 aut
1168 462 1199 523 in
1214 481 1265 526 cu-

37 541 86 635 g'q,
132 567 144 572 ··
157 546 249 609 ··a-ria
270 554 319 607 aut
337 549 367 606 in
388 547 453 608 loro
474 565 558 626 agere
572 544 748 626 possimus?
777 547 875 625 ltaque
891 547 986 626 quiin
1000 547 1127 609 maxima
1143 549 1264 610 celebri-

39 631 44 653 ⁴
204 639 262 692 tate
281 639 366 711 atque
387 633 417 694 in
439 633 532 694 oculis
554 632 659 694 civium
675 632 823 711 quondam
838 631 1010 706 vixerimus,
1030 651 1110 695 nunc
1122 634 1265 712 fugientes

205 724 398 798 conspectum
424 718 644 792 sceleratorum,
670 716 776 798 quibus
801 717 901 779 omnia
924 719 1103 793 redundant,
1131 719 1265 781 abdimus

203 819 270 876 nos,
286 812 428 883 qnantum
440 803 515 878 licet,
531 811 560 865 et
575 823 661 884 saepe
676 802 730 864 soli
745 821 860 864 sumus.
891 803 959 878 Sed,
975 805 1040 884 quia
1056 804 1100 866 sic
1115 803 1151 865 ab
1166 803 1264 865 homi-

203 889 291 950 nibus
318 888 412 950 doctis
438 889 618 969 accepimus,
645 906 706 950 non
733 890 829 949 solum
857 909 890 950 ex
916 889 1001 950 malis
1021 890 1125 968 eligere
1144 890 1265 954 minima

204 982 354 1053 oportere,
375 975 426 1036 sed
441 974 528 1036 etiam
544 992 698 1054 excerpere
713 993 748 1034 ex
763 973 809 1034 his
824 973 911 1054 ipsis,
932 974 958 1035 si
973 975 1041 1054 quid
1057 974 1167 1036 inesset
1181 974 1263 1049 boni,

203 1066 362 1138 propterea
382 1067 409 1120 et
430 1060 489 1120 otio
510 1059 607 1133 lruor,
631 1078 693 1121 non
713 1059 760 1121 illo
781 1060 914 1138 quidem,
935 1079 993 1140 quo
1014 1059 1137 1121 debebat
1155 1060 1194 1136 is,
1215 1063 1264 1140 qui

203 1145 353 1223 quondam
368 1145 532 1226 peperisset
547 1145 639 1206 otium
656 1143 769 1218 civitati,
783 1162 838 1206 nec
853 1164 916 1206 eam
930 1145 1115 1206 solitudinem
1126 1145 1265 1223 languere
1385 1125 1386 1202 1

166 1230 314 1308 apatior,
336 1248 423 1309 quam
439 1229 510 1291 mihi
526 1229 620 1291 adfert
633 1230 807 1304 necessitas,
827 1247 889 1291 non
904 1231 1048 1292 voluntas.
1079 1229 1263 1309 Quamquam
1385 1247 1386 1256 ¹

202 1314 355 1376 Africanus
371 1315 513 1376 maiorem
524 1316 639 1376 laudem
650 1315 836 1376 meoiudicio
848 1315 1065 1395 assequebatur.
1090 1315 1171 1376 Nulla
1184 1315 1265 1376 enim

202 1399 264 1476 eius
280 1401 387 1479 ingenii
403 1408 596 1462 monumenta
610 1401 746 1462 mandata
758 1401 876 1474 litteris,
899 1402 1012 1463 nullum
1027 1419 1103 1482 opos
1120 1401 1180 1474 otii,
1195 1401 1263 1462 nul-

202 1485 262 1546 lum
279 1485 443 1547 solitudinis
457 1505 566 1547 munus
582 1494 672 1547 extat:
693 1504 727 1546 ex
743 1504 802 1565 quo
818 1485 943 1565 intellegi
961 1486 1045 1548 debet
1057 1487 1139 1548 illum
1154 1487 1262 1548 mentis

202 1569 358 1649 agitatione
376 1571 654 1651 investigationeque
673 1590 773 1632 earum
791 1590 904 1644 rerum,
926 1591 997 1651 quas
1019 1572 1173 1652 cogitando
1190 1591 1261 1634 con-

180 1693 182 1700 .
202 1657 387 1736 sequebatur,
402 1674 457 1720 nec
472 1657 601 1719 otiosum
616 1675 671 1718 nec
686 1657 782 1724 solum
797 1676 935 1736 umquam
952 1657 1052 1719 fusse.
1078 1657 1139 1718 Nos
1154 1667 1261 1732 autem,

203 1742 252 1822 qui
273 1761 334 1804 non
353 1749 469 1804 tantum
484 1742 601 1804 roboris
616 1742 773 1816 habemuS,
793 1750 825 1805 ut
839 1743 1014 1822 cogitatione
1028 1742 1112 1804 tacita
1127 1762 1142 1803 a
1158 1743 1261 1805 solitu-

202 1827 270 1890 dine
294 1828 512 1902 abstrahamur,
539 1830 575 1890 ad
601 1828 678 1889 benc
703 1828 849 1889 scribendi
874 1847 994 1908 operam
1022 1846 1110 1889 omne
1133 1828 1262 1890 studium

202 1932 361 1992 curamque
377 1913 583 1975 convertimus.
609 1913 710 1993 ltaque
723 1914 806 1993 plura
821 1913 900 1975 brevi
915 1922 1048 1996 tempore
1064 1933 1163 1976 eversa
1174 1933 1259 1994 quarn

201 1998 300 2059 multis
315 1999 399 2058 annis
415 2006 510 2060 stante
524 2017 555 2059 re
569 1997 686 2078 publica
701 1998 884 2078 scripsimus.
896 2069 900 2076 ¹

203 2136 289 2188 eciuen
299 2135 468 2186 Beweffneten
478 2135 597 2186 besetzen
607 2135 705 2197 lossen3
761 2149 799 2184 mc
811 2135 834 2184 in
845 2151 874 2185 eu
885 2137 1019 2186 solitudine
1029 2137 1157 2202 languere.
1178 2137 1261 2189 8.Νᾶ-

202 2203 265 2256 Pbil.
282 2203 312 2267 Π,
329 2203 352 2267 8,
367 2203 407 2254 18.
426 2204 467 2268 44,
487 2203 535 2255 112
559 2219 605 2256 cur
621 2219 707 2255 arneo-
761 2203 873 2267 gelbacb,
887 2204 931 2255 lat.
944 2204 1002 2255 Stil.
1016 2205 1088 2270 §.lb
1102 2206 1126 2256 3.
1147 2205 1204 2269 Vgl.
1219 2204 1261 2256 z.l

204 2278 290 2325 torum
301 2288 398 2328 corono
414 2277 520 2324 renatare
532 2277 637 2342 coeptus
650 2274 707 2322 eet?
780 2270 828 2320 ,32
846 2287 912 2339 quoe
927 2273 1075 2326 liberantur.
1104 2273 1126 2325 11
1143 2274 1166 2340 ξ.
1176 2273 1216 2324 68.
1229 2271 1261 2323 lll

203 2357 249 2392 cur
269 2358 311 2392 me
332 2344 371 2394 tui
389 2341 511 2392 rutelltter
531 2357 590 2392 curn
610 2339 706 2406 gledela
726 2363 735 2387 ·.
778 2341 839 2390 .11.
852 2339 893 2392 36.

203 2409 318 2461 aodtimt.
342 2409 388 2460 nie
400 2409 489 2460 beiden
500 2408 638 2459 Praetereo
652 2409 672 2458 d
683 2408 706 2459 J.
794 2407 818 2458 4.
861 2408 1020 2476 Quonqamm
1041 2413 1185 2478 Afrtcartus
1213 2415 1260 2461 cet.

203 2477 238 2530 Μ.
251 2478 343 2528 Brutus
363 2478 531 2530 undrCessins
553 2478 639 2528 hatten
660 2491 705 2526 aus
760 2475 821 2526 Hier
841 2477 907 2528 sieht
928 2479 978 2529 Cic.
996 2480 1065 2529 seine
1083 2479 1261 2530 sebril'tstelle·

203 2547 250 2596 der
270 2545 345 2596 Stedt
364 2545 452 2594 llielren
472 2545 586 2608 miissen,
607 2545 657 2593 und
673 2559 706 2593 an
759 2544 842 2594 rische
852 2544 998 2610 detiglreit
1006 2547 1049 2597 liir
1057 2548 1112 2598 eine
1120 2548 1170 2597 ibor
1181 2547 1262 2598 selbst

203 2615 257 2665 ibro
268 2613 347 2663 Stella
358 2627 444 2663 waren
455 2611 585 2663 Genosscn
598 2611 643 2660 des
654 2609 706 2660 An·
759 2613 935 2676 notbwendige
956 2614 1130 2678 Zerstreuung
1153 2631 1197 2678 an,
1220 2615 1261 2664 die

204 2681 287 2733 tonius
300 2687 423 2744 getreten.
758 2678 819 2727 aber
839 2680 936 2729 minden
952 2683 1070 2733 riilrmliclr
1091 2683 1130 2733 als
1147 2683 1187 2732 die
1204 2682 1261 2732 blos

238 2749 262 2801 3.
285 2752 312 2798 iet
328 2752 445 2800 mamimc
460 2748 615 2799 celebratote:
638 2745 703 2797 Plut.
758 2743 931 2796 besebauliclre
944 2747 1090 2810 Tbiitiglreit
1102 2751 1146 2799 des
1159 2749 1262 2800 Africa-

204 2817 254 2869 Cic.
264 2817 279 2866 8
289 2811 464 2885 ἐθεράπευον
478 2814 508 2868 dt
518 2809 581 2868 καθ’
597 2811 706 2884 ἡμέραν
758 2829 804 2863 nus
818 2815 864 2864 sei.
896 2814 947 2863 Das
964 2815 998 2864 ist
1015 2816 1083 2867 nicht
1098 2831 1161 2877 gone
1174 2825 1261 2867 ernst-

203 2885 251 2937 ἐπὶ
272 2879 362 2954 θύρας
381 2885 533 2952 φοιτῶντες
555 2877 605 2933 οὐκ
626 2877 705 2933 ἐλάτ-
758 2881 806 2930 licb
824 2897 856 2930 zu
873 2882 984 2931 nehmen.
1008 2880 1065 2944 Vgl.
1079 2879 1136 2946 115.
1149 2880 1173 2930 2.
1191 2896 1215 2930 u.
1229 2885 1261 2932 de

202 2945 306 3018 τονεςῆ
319 2946 455 3022 Κράσσον
471 2949 519 3002 ec
531 2944 640 3016 πλούτῳ
659 2950 705 3000 καὶ
758 2949 809 2998 div.
822 2947 844 2998 ll
858 2965 881 2998 z.
891 2949 933 3014 A„
947 2964 986 3000 wo
996 2948 1047 2999 (lic.
1058 2949 1097 2999 die
1108 2947 1261 3000 Verdienslc

203 3015 356 3102 Πομπήιον
374 3015 421 3069 διὰ
438 3014 487 3084 τὴν
503 3017 533 3072 ἐν
549 3019 608 3074 τοῖς
621 3030 703 3086 orpe—
758 3017 851 3078 riibrut,
880 3018 919 3068 dle
942 3033 971 3066 er
999 3017 1061 3067 eben
1090 3017 1166 3067 durclr
1190 3017 1262 3068 diese

202 3101 321 3158 reopant
333 3082 462 3157 δύναμιν.
759 3083 967 3136 Sebrittstellerei
984 3086 1037 3136 sich
1053 3099 1094 3136 um
1110 3085 1150 3136 dic
1166 3083 1261 3136 Notion

236 3159 392 3208 tdrcert'mm:
409 3157 455 3205 der
466 3153 614 3220 Conjunctiv
627 3153 704 3218 steht,
758 3153 890 3203 erworhen
913 3152 983 3204 habe.
1024 3153 1093 3204 Aber
1120 3154 1261 3218 ullerdings

202 3224 261 3276 weil
278 3225 324 3274 der
340 3223 496 3274 Relativsatz
514 3223 586 3273 einen
603 3220 704 3286 Gegeu-
758 3221 821 3284 liegt
842 3223 896 3287 depr
918 3221 994 3273 Satze
1016 3221 1056 3274 die
1079 3221 1212 3274 Wehrbeit
1228 3239 1261 3272 zu

202 3300 257 3344 salz
271 3291 377 3342 entello:
392 3307 413 3340 s.
427 3289 527 3355 Madvig
539 3307 562 3340 z.
576 3291 606 3340 de
619 3290 661 3340 lin.
673 3288 704 3352 ll,
759 3288 873 3353 Grunde,
898 3291 956 3340 dass
977 3305 1005 3340 es
1025 3292 1096 3342 mebr
1116 3289 1193 3342 Liebe
1214 3307 1261 3340 zur·

202 3361 243 3424 32,
259 3359 307 3410 loc
318 3361 358 3410 lu'c
369 3377 398 3410 ae
409 3359 444 3410 ad
456 3362 608 3424 commeat,
624 3362 704 3425 oqui·
759 3357 946 3410 Wissensclralt
961 3359 1010 3408 und
1023 3355 1262 3414 auheltendedlrelt

202 3431 249 3481 bus
277 3428 340 3480 nitu
366 3444 488 3494 umquam
515 3427 645 3480 retttdcrtt
671 3427 707 3478 od
758 3425 970 3478 desVerstandes
983 3427 1121 3494 enlm-dere,
1140 3427 1191 3478 sich
1204 3427 1259 3477 rein

202 3513 304 3567 corpur.
758 3511 799 3545 nm
816 3496 861 3545 der
874 3496 954 3546 Snclre
966 3496 1051 3545 willeri
1068 3493 1259 3545 wissenscbost-

237 3567 384 3656 otiosroor,
398 3566 477 3617 ‘ziebe
487 3563 591 3617 Gewinn
603 3581 649 3617 aus
659 3564 704 3615 der
758 3563 807 3614 licb
820 3579 852 3613 zu
864 3562 1049 3627 bescbdl'tigen,
1061 3563 1099 3614 als
1112 3580 1197 3626 werin,
1209 3563 1259 3611 wie

202 3634 306 3687 Musae.
332 3639 411 3686 otium
428 3637 471 3685 liat
486 3636 541 3684 bier
552 3635 592 3683 die
605 3633 704 3697 cigent-
758 3631 798 3682 bei
811 3630 872 3695 Cle,
885 3632 924 3682 die
937 3633 1124 3696 beweggriinde
1137 3633 1180 3682 des
1193 3631 1260 3681 Ebr-

202 3701 705 3766 licbelledentong‘FreiheitvonStaats-
758 3698 844 3764 geizes
853 3701 903 3750 und
913 3698 1208 3763 derGemeinniitzigkeit
1216 3697 1262 3748 mit

202 3769 376 3838 gescbiilten'‚
407 3772 432 3822 in
462 3772 517 3822 dem
545 3769 703 3835 Folgcnden:
758 3769 973 3819 dazuantreibeu.

202 3841 290 3892 ‘otium
310 3833 417 3892 cttdtoti'
441 3839 559 3890 bedentet
571 3855 599 3890 es
618 3839 704 3890 ‘Frie-
792 3838 947 3902 cogitatione
959 3839 1084 3902 consequi.
1108 3835 1154 3885 Die
1164 3835 1263 3886 Redeu-

202 3908 271 3972 den’,
285 3925 305 3960 s.
319 3927 342 3959 z.
356 3908 366 3959 1
378 3908 402 3974 ξ.
417 3910 458 3958 11.
758 3912 818 3968 teng
831 3922 880 3956 von
892 3908 1043 3970 concoquis.
1056 3919 1078 3954 z.
1092 3901 1103 3951 1
1115 3903 1138 3968 §.
1154 3903 1212 3954 116.

236 3993 293 4028 eam
313 3977 475 4050 eodtodoiqeru
495 3977 628 4045 turegum,
649 3977 672 4028 d.
686 3975 703 4027 i.
789 3973 867 4042 plura
879 3975 948 4026 breui
959 3978 1079 4041 tempore.
1107 3969 1191 4024 Wenn
1204 3986 1261 4022 man
