2734 4478
344 270 360 312 Ι
502 282 561 333 nn.
573 281 590 332 1.
618 281 798 334 crassae.
1140 287 1180 345 77

115 448 149 500 tu
168 437 277 500 habere
298 445 438 516 quantum
454 443 558 500 natura
572 435 702 497 hominis
724 435 884 514 pecudibus
900 437 1076 517 reliquisque
1086 437 1182 500 deluis

115 524 277 586 antecedat.
304 521 372 583 Illae
386 521 458 582 nihil
469 521 599 582 sentiunt
612 521 670 581 nisi
681 522 860 600 voluptatem
871 522 906 582 ad
918 541 1039 602 eamque
1050 524 1184 585 feruntur

118 607 203 670 omni
218 606 344 687 impetu,
360 606 489 667 hominis
505 613 602 667 autem
618 624 703 667 mens
719 605 859 667 discendo
875 607 960 668 alitur
974 615 1002 668 et
1017 607 1181 686 cogitando,

115 710 235 772 semper
250 691 355 770 aliquid
371 699 420 751 aut
434 689 562 770 anquirit
577 698 626 752 aut
641 691 699 770 agit
707 691 882 770 videndique
897 699 926 752 et
940 692 1076 753 audiendi
1085 693 1181 754 deleo-

114 777 229 840 tatione
254 776 380 837 ducitur.
417 775 616 849 Quinetiam,
643 777 668 837 si
693 775 758 854 quis
784 783 829 837 est
847 777 944 856 paullo
963 778 999 837 ad
1019 777 1181 857 voluptates
1248 781 1250 784 ’

116 861 311 944 propensior,
331 861 422 920 modo
438 879 476 920 ne
491 860 580 920 sitex
595 861 742 942 pecudum
757 879 921 939 genere-
937 869 1004 922 sunl
1020 863 1098 923 enim
1115 862 1181 941 qui·

117 949 187 1009 dam
202 945 337 1006 homines
354 962 416 1006 non
430 965 471 1019 re,
486 945 538 1006 sed
553 945 673 1006 nomine
683 981 734 1019 —-,
751 947 803 1006 sed
819 945 845 1006 si
856 947 922 1025 quis
934 955 979 1008 est
989 947 1086 1026 paullo
1101 964 1182 1008 erec·

115 1034 185 1105 tior,
197 1031 327 1110 quamvis
343 1029 490 1109 voluptate
505 1029 644 1107 capiatur,
662 1031 788 1092 occultat
804 1039 833 1091 et
844 1031 1008 1094 dissimulat
1019 1031 1182 1112 appetitum

115 1116 278 1196 voluptatis
301 1118 425 1196 propter
449 1115 661 1176 verecundiam.
700 1115 743 1177 Ex
767 1134 825 1194 quo
850 1115 1024 1195 intellegitur
1047 1115 1182 1196 corporis
1205 1121 1253 1172 106
1312 1120 1318 1132 ’

115 1200 297 1280 voluptatem
317 1218 380 1261 non
399 1200 469 1262 satis
490 1218 556 1262 esse
575 1199 693 1278 dignam
712 1200 843 1261 hominis
861 1201 1039 1280 praestantia
1060 1219 1183 1280 eamque

118 1285 268 1347 contemni
283 1292 312 1345 et
332 1284 401 1346 reici
417 1293 567 1362 oportere:
591 1285 638 1345 sin
654 1285 692 1346 sit
712 1284 857 1364 quispiam
878 1286 927 1365 qui
947 1285 1053 1365 aliquid
1073 1285 1183 1348 tribuat

117 1370 269 1451 voluptati,
285 1368 441 1448 diligenter
450 1370 475 1430 ei
489 1369 649 1430 tenendum
664 1388 730 1429 esse
741 1370 803 1431 eius
815 1371 953 1431 fruendae
964 1371 1096 1432 modum.
1123 1371 1182 1432 lta-

118 1475 177 1536 que
190 1459 283 1516 victus
300 1455 453 1533 cultusque
473 1455 607 1532 corporis
623 1454 665 1514 ad*
674 1453 868 1516 valetudinem
888 1455 1031 1518 reseratur
1045 1463 1074 1515 et
1088 1455 1123 1516 ad
1139 1454 1183 1514 vi-

117 1561 182 1612 res,
202 1558 264 1600 non
283 1540 320 1600 ad
338 1539 526 1619 voluptatem.
561 1538 656 1617 Atque
676 1538 775 1613 etiam,
797 1539 823 1599 si
843 1540 1028 1602 considerare
1047 1540 1182 1601 volumus

119 1643 195 1706 quae
214 1625 252 1684 sit
269 1624 301 1684 in
320 1637 427 1686 natura
441 1623 571 1684 hominis
592 1624 757 1684 excellentia
771 1631 800 1684 et
814 1624 953 1702 dignitas,
973 1625 1183 1703 intellegemus

119 1729 206 1789 quam
220 1709 258 1772 sit
268 1717 353 1788 turpe
365 1707 496 1771 diffluere
505 1709 617 1772 luxuria
628 1715 656 1768 et
667 1707 783 1770 delicate
795 1728 828 1770 ac
839 1710 964 1770 molliter
973 1709 1067 1771 vivere
1077 1729 1182 1790 quam-

119 1813 175 1874 que
189 1796 348 1856 honestum
363 1813 450 1874 parce
466 1794 657 1866 continenter,
674 1812 772 1854 severe
789 1794 895 1854 sobrie.

203 1879 430 1957 Intellegendum
446 1879 533 1940 etiam
550 1886 594 1939 est
609 1878 722 1939 duabus
738 1879 822 1957 quasi
840 1897 896 1940 nos
912 1897 928 1939 a
943 1886 1046 1940 natura
1060 1880 1180 1941 indutos
1204 1887 1251 1939 107

118 1982 184 2024 esse
204 1963 353 2043 personia,
380 1981 505 2043 quarmu
525 1982 584 2024 una
604 1963 770 2024 communis
789 1971 835 2024 est
854 1983 889 2024 ex
908 1983 957 2038 eo,
977 1964 1057 2044 quod
1077 1982 1181 2026 omnes

117 2048 276 2129 participes
292 2067 395 2109 sumus
410 2047 534 2110 rationis
549 2048 802 2128 praestantiaeque
817 2049 895 2122 eiuS,
912 2068 969 2128 qua
984 2050 1181 2112 antecellimus

116 2132 231 2215 bestiis
247 2152 263 2194 a
278 2152 333 2212 qua
349 2151 436 2194 omne
451 2133 611 2194 honestum
627 2132 826 2212 decorumque
840 2135 964 2195 trahitur
975 2142 1003 2195 et
1014 2155 1049 2196 ex
1063 2154 1120 2214 qua
1134 2153 1182 2196 ra·

117 2219 160 2280 tio
176 2218 342 2280 inveniendi
356 2217 446 2278 officii
465 2217 640 2296 exquiritur,
660 2217 750 2278 altera
764 2226 873 2291 autem,
897 2237 969 2298 quae
984 2221 1104 2298 proprie
1119 2220 1182 2280 sin·

118 2303 195 2382 gulis
212 2311 259 2362 est
272 2303 388 2362 tributa.
416 2303 454 2362 Ut
469 2303 546 2362 enim
562 2302 593 2362 in
609 2302 783 2381 corporibus
795 2321 917 2381 magnae
928 2304 1182 2364 dissimilitudines

119 2393 192 2448 sunt
203 2420 246 2429 —
260 2385 332 2444 aiios
348 2387 478 2446 videmus
493 2385 644 2448 velocitate
659 2388 695 2448 ad
711 2406 840 2460 cursum,
855 2388 927 2448 alios
941 2388 1051 2448 viribus
1067 2389 1103 2450 ad
1117 2388 1182 2449 luo-

117 2470 244 2533 tandum
263 2470 369 2563 ualere,
393 2469 520 2549 itemque
536 2471 568 2531 in
585 2472 690 2532 formis
710 2471 772 2540 aliis
793 2471 961 2550 dignitatern
982 2473 1095 2547 inesse,
1120 2472 1183 2534 aliis

116 2561 306 2617 venustatem
326 2589 367 2598 —
388 2553 430 2615 sic
450 2553 481 2614 in
504 2555 607 2617 animis
628 2558 756 2618 existunt
775 2557 902 2617 maiores
922 2557 1009 2618 etiarn
1023 2558 1182 2619 varietates.

153 2696 207 2758 30.
237 2705 292 2755 105.
310 2705 358 2756 aad
373 2709 400 2756 ei
416 2709 525 2772 qadsest
557 2708 624 2758 uuile
713 2710 799 2773 Atque
815 2710 901 2757 εἰίαηι.
930 2707 1001 2758 Obon
1017 2709 1052 2757 ist
1063 2709 1103 2758 die
1120 2707 1185 2758 Ver·

118 2776 238 2827 erectior.
268 2773 317 2824 Mic
332 2773 379 2824 sod
392 2775 457 2824 wird
472 2775 513 2824 die
549 2790 625 2825 aren·
679 2774 849 2825 werliiehlreit
861 2777 907 2824 der
919 2775 1057 2825 sinnlichen
1069 2775 1185 2837 Veranii-

117 2845 190 2894 these
202 2841 387 2892 unterbroolren
399 2843 449 2894 und
461 2859 517 2892 zum
529 2842 626 2908 Haupt·
679 2841 1185 2906 gungenausdsmVorzugedermansoh-

118 2918 191 2962 satae
204 2909 413 2974 zuriickgekehrt,
426 2911 516 2960 dessen
524 2909 626 2961 Godan-
679 2911 762 2960 lichen
772 2909 855 2962 Natnr
865 2926 913 2960 vor
924 2911 971 2960 den
982 2909 1090 2961 Tirieren
1103 2909 1185 2974 gaiol-

119 2979 152 3027 ko
165 2979 190 3027 in
200 2976 387 3027 anlerernorm
395 2977 547 3028 wiederholt
556 2978 625 3027 wird.
679 2985 744 3042 gest,
757 2978 811 3028 hier
823 2977 887 3028 wird
900 2979 1016 3029 dasselbe
1028 2995 1073 3029 aus
1083 2979 1129 3029 der
1137 2979 1186 3030 Er-

118 3045 178 3109 vgl.
191 3043 230 3108 ill,
244 3045 284 3108 26,
298 3045 340 3094 97.
364 3044 391 3110 11,
404 3043 444 3110 21,
458 3045 500 3095 73,
516 3045 625 3095 ‹Ebenso
679 3046 813 3097 bubenheit
829 3047 879 3097 und
896 3043 995 3097 Wiirde
1011 3047 1058 3097 der
1073 3049 1187 3097 mensch·

119 3115 175 3164 sind
188 3112 225 3162 oit
236 3116 265 3161 at
275 3113 327 3162 und
337 3115 422 3180 pstor
437 3113 587 3177 gebraucht,
600 3111 625 3178 ξ.
679 3114 761 3164 lichen
773 3113 855 3164 Nutur
866 3129 897 3164 an
910 3115 962 3164 sich
974 3114 1110 3163 bewiesen.

121 3179 180 3242 121,
190 3196 253 3245 argo
262 3179 288 3245 ξ.
296 3180 353 3230 134.
368 3180 443 3230 Ture.
450 3180 491 3245 111,
499 3181 522 3244 8,
531 3180 562 3230 16
571 3183 628 3231 rori
716 3179 772 3230 106.
782 3198 858 3244 aceo,
868 3182 940 3247 queri,
950 3181 1111 3246 domgemdss,
1119 3182 1186 3232 dass.

121 3250 201 3297 etiam
209 3248 289 3298 senile
300 3247 364 3298 eliud
374 3253 418 3312 eat,
431 3253 476 3314 qut
485 3252 522 3299 eit
533 3253 627 3316 tempe-
679 3276 714 3286 —
726 3248 773 3298 nie
783 3248 976 3314 Anerircnnung,
989 3249 1085 3298 welche
1097 3249 1186 3298 Cicero

122 3314 628 3382 ranc--,§.18quirt'tsruga'tgilur
679 3316 734 3365 hier
755 3317 810 3366 dem
827 3316 914 3367 Witze
936 3333 967 3365 zu
989 3313 1062 3366 Theil
1082 3317 1186 3366 werden
1218 3323 1226 3336 '

120 3381 163 3433 uel
170 3385 195 3432 si
202 3385 280 3432 macas
288 3384 438 3435 moderatus
448 3388 474 3434 ol
483 3388 627 3451 lmnperoas
680 3383 859 3446 liisst,stin1mt
870 3399 939 3434 zwar
951 3385 1010 3434 sehr
1021 3383 1071 3432 wol
1081 3383 1126 3434 mit
1135 3383 1187 3432 sei-

120 3454 168 3500 εει.
198 3453 308 3515 eraclea,
328 3453 390 3500 nach
411 3452 535 3502 lliiherern
560 3459 628 3502 stre·
680 3465 737 3500 nem
754 3451 859 3513 eigenen
873 3450 1024 3512 Charakter,
1041 3452 1073 3499 da
1089 3466 1119 3500 er
1135 3451 1187 3500 sich

118 3518 192 3582 bend,
205 3518 254 3567 wic
265 3521 369 3568 manus
381 3519 464 3569 colom
476 3523 502 3568 et
513 3523 629 3580 erectus,·
681 3516 841 3568 bekanntlich
853 3518 930 3568 durch
940 3517 1012 3567 Witz
1024 3519 1187 3567 auszeichne-

118 3586 196 3636 meist
207 3587 277 3637 steht
289 3602 317 3635 es
334 3587 366 3636 im
378 3586 454 3636 Sinna
472 3603 521 3636 von
537 3586 628 3650 alacer,
681 3593 715 3649 te,
727 3586 790 3635 uber
800 3586 884 3648 wenig
895 3585 941 3634 mit
953 3585 1000 3634 den
1011 3584 1187 3636 Grundsiitzen

119 3653 226 3718 irondig,
240 3654 341 3716 rnnthig.
681 3655 727 3703 rior
745 3653 847 3703 Stoilrer
863 3653 976 3702 iiberein.
1012 3653 1081 3703 Stob.
1099 3669 1122 3718 p.
1137 3652 1187 3702 222

681 3718 713 3770 τὸ
727 3718 758 3771 δὲ
776 3716 975 3791 εἰρωνεύεσθαι
991 3719 1100 3788 φαῦλον
1117 3719 1190 3772 εἶναί

156 3789 212 3838 luo.
242 3789 279 3839 acl
292 3789 461 3841 valetudinmr
481 3789 627 3854 referatur,
707 3800 771 3838 sorr
793 3789 831 3851 (οἱ
841 3791 987 3851 Στωικοί),
1010 3783 1112 3839 οὐδένα
1132 3785 1187 3860 γὰρ

120 3857 200 3906 richte
213 3857 266 3906 sich
280 3858 342 3906 nach
358 3858 426 3919 dom,
448 3871 501 3906 was
518 3855 558 3905 die
576 3855 628 3905 Ge·
681 3806 831 3935 gigni-lepor
853 3857 898 3906 καὶ
925 3851 1086 3907 σπουδαῖον
1109 3857 1188 3928 εἰρω-

120 3925 236 3975 sundlreit
248 3925 438 3988 nlithigmaclrt.
680 3927 822 3976 νευεσθαι.
