2774 4482
192 1655 378 1750 Quamquam
393 1678 431 1745 te,
447 1670 544 1732 Marce
559 1670 607 1744 fili,
623 1687 733 1732 annum
748 1670 806 1732 iam
819 1669 985 1732 audientem
996 1667 1168 1748 Cratippum
1191 1675 1208 1734 1

105 1758 193 1836 idque
208 1756 327 1818 Athenis
347 1756 497 1818 abundare
512 1761 630 1835 oportet
644 1755 807 1835 praeceptis
822 1753 1020 1833 institutisque
1033 1754 1168 1832 philoso—
1192 1769 1204 1818 1

104 1842 193 1921 phiao
204 1849 326 1920 propter
338 1861 485 1904 summam
498 1850 526 1903 ct
538 1840 671 1904 doctoris
683 1839 886 1901 auctoritatem
899 1847 928 1900 et
938 1839 1031 1912 urhis
1043 1857 1171 1917 quorum

106 1927 180 1987 alter
194 1934 222 1986 te
237 1926 356 1988 scientia
372 1945 477 2005 augere
494 1933 605 2007 potest,
622 1925 710 1986 altera
725 1924 875 2004 exemplis,
890 1931 997 1998 tamen,
1012 1930 1044 1983 ut
1059 1924 1124 2003 ipse
1135 1925 1172 1986 ad

105 2029 203 2072 meam
222 2011 374 2073 utilitatem
395 2031 513 2092 semper
532 2029 599 2073 cum
616 2010 733 2071 Graecis
748 2009 850 2072 Latina
870 2009 1007 2072 coniunxi
1026 2027 1121 2088 neque
1141 2009 1172 2070 id

104 2094 137 2156 in
162 2094 350 2176 philosophia
375 2098 485 2171 solum,
510 2096 562 2158 sed
586 2094 672 2157 etiarn
692 2095 723 2156 in
744 2094 858 2157 dicendi
880 2094 1086 2155 exercitatione
1106 2095 1170 2169 feci,

106 2181 185 2242 idem
201 2182 255 2243 tihi
271 2199 377 2242 censeo
393 2182 565 2256 faciendum,
580 2188 614 2242 ut
628 2199 682 2259 par
697 2180 738 2242 sis
753 2179 784 2242 in
799 2179 950 2259 utriusque
966 2179 1107 2240 orationis
1123 2181 1137 2239 f
1154 2214 1169 2225 -

106 2265 219 2327 cultate.
251 2267 348 2339 Quam
364 2267 481 2346 quidem
497 2266 533 2329 ad
548 2285 611 2328 rem
626 2283 694 2338 nos,
710 2273 743 2326 ut
758 2266 899 2338 videmur,
915 2283 1056 2344 magnum
1072 2265 1170 2326 attuli-

104 2370 173 2412 mus
195 2352 397 2412 adiumentum
415 2352 586 2414 hominihus
605 2351 730 2424 nostris,
744 2359 786 2411 ut
804 2368 866 2410 non
886 2351 976 2410 modo
994 2348 1172 2409 Graecarum

104 2435 273 2494 litterarum
289 2436 389 2506 rudes,
405 2437 456 2495 sed
471 2436 555 2496 etiam
568 2436 645 2496 docti
657 2433 836 2515 aliquantum
849 2453 880 2494 se
892 2433 1069 2494 arbitrentur
1080 2432 1170 2513 adep-

105 2526 155 2578 tos
177 2524 206 2576 et
226 2517 263 2578 ad
283 2517 440 2578 dicendum
460 2527 489 2579 et
508 2519 752 2582 adiudicandum.
783 2521 878 2594 Quam
894 2519 932 2580 ob
948 2538 1011 2580 rem
1026 2518 1120 2580 disces
1136 2527 1168 2580 tu
1189 2533 1204 2582 2

142 2732 173 2790 l·
187 2739 210 2788 1.
225 2738 615 2805 Cranppmstmdinjenerzeit
669 2741 765 2790 eichorn
780 2739 891 2790 multam
908 2742 985 2789 otiam
1001 2737 1104 2801 Latine,
1128 2736 1176 2788 sed

106 2810 153 2857 der
164 2807 377 2873 peripatetischen
389 2806 480 2856 Schulc
493 2808 518 2856 iu
530 2807 614 2859 Athen
670 2805 765 2858 Graeco
775 2807 888 2874 saepius.

107 2891 163 2925 vor.
184 2873 235 2924 Cic.
245 2880 302 2937 sagt
313 2890 363 2924 von
375 2873 524 2925 ihmdcdiv,
535 2875 553 2940 l,
564 2877 613 2942 3‚5
703 2879 733 2954 act
747 2877 802 2942 ipsc
817 2902 849 2912 -
864 2873 931 2925 idern
945 2876 998 2954 taho}
1016 2873 1106 2936 thfig
1117 2880 1174 2952 ept-

107 2943 616 3076 thmrihit'iii'hi“ia””¹fiff?{?ih⁰i
669 2943 962 3073 {tttttttttttt
977 2943 1175 3060 ttttttttt

107 3081 241 3131 cem'omus
257 3095 324 3130 nmio
341 3079 377 3129 od
392 3082 516 3147 optimum
530 3083 615 3132 aarum
669 3088 804 3144 pronomen
816 3080 865 3129 wie
877 3080 950 3142 idom,
962 3079 994 3140 id,
1007 3079 1062 3141 hoc,
1080 3078 1111 3126 dc
1123 3077 1174 3140 leg.

100 3147 266 3210 sacratiorem
299 3151 420 3198 nostrvm
455 3147 614 3218 Cratippum.
669 3145 698 3208 ii,
712 3148 735 3210 6,
751 3147 782 3197 14
794 3147 842 3216 cod
848 3152 878 3198 ut
886 3149 926 3197 cir
935 3146 1178 3210 doctiscimusscca‘t

108 3213 166 3263 Von
178 3215 264 3266 scinco
274 3214 400 3265 Schriften
410 3216 512 3266 werden
523 3217 615 3266 beson—
669 3214 750 3280 Plato,
761 3241 796 3254 κ
805 3215 833 3266 td
846 3217 911 3265 acilii
921 3214 995 3266 credo
1008 3231 1064 3266 asca
1073 3215 1174 3278 facien-

110 3282 171 3330 dcrs
181 3281 615 3346 diciihcrdicWeissagungvouCi-
669 3281 739 3334 omn.
758 3283 789 3332 dc
808 3283 849 3332 on.
862 3282 905 3346 IV,
920 3282 960 3346 13,
974 3282 1007 3332 34
1023 3286 1053 3332 ut
1067 3281 1175 3332 Phidias

109 3351 290 3400 ccroerwihnt
299 3352 350 3400 unri
359 3351 477 3414 heuutzt,
491 3351 613 3418 dcdimli,
668 3354 755 3418 potest
766 3355 873 3418 optumo
882 3355 1017 3402 instituere
1025 3353 1129 3416 ei'gmum
1137 3349 1177 3400 id-

107 3416 151 3481 48,
163 3416 220 3468 100.
231 3417 273 3482 52,
284 3417 346 3480 107;
357 3419 446 3484 ughdc
458 3419 498 3468 off.
508 3417 549 3482 ΠΙ,
555 3419 579 3484 2,
590 3421 614 3470 5.
670 3433 717 3482 que
726 3421 859 3486 perficere,
867 3423 955 3488 potest
966 3422 997 3469 uh
1009 3419 1059 3470 atio
1070 3418 1175 3468 otocha-

116 3535 119 3540 .
142 3485 226 3538 mileo:
239 3501 259 3536 s.
272 3501 304 3536 zu
317 3484 333 3550 1,
345 3485 385 3552 26,
400 3486 441 3539 90.
670 3489 725 3536 tum
741 3485 856 3554 accipere
873 3491 899 3538 et
909 3488 1051 3539 absolvere:
1067 3486 1127 3536 hoio
1138 3487 1175 3536 ci-

142 3569 202 3606 cum
231 3553 335 3606 Graecis
355 3553 458 3612 „Latina
487 3558 617 3621 contonat,
671 3554 935 3623 mhcocteopientia.

106 3623 185 3672 durch
198 3621 326 3688 Sprechcn
342 3624 393 3674 und
405 3623 541 3674 Sohreihen
555 3625 619 3674 iiber·
705 3639 782 3688 quom
793 3623 894 3689 qmdcm
905 3624 940 3675 ad
950 3640 1016 3690 rora,
1028 3625 1053 3672 in
1065 3622 1177 3674 welcher

106 3689 267 3755 Philosophic
280 3691 307 3740 in
319 3691 539 3742 lateinischorund
548 3694 617 3757 grie-
670 3689 794 3757 Hinsicht,
813 3693 919 3744 nimlirh
936 3693 960 3742 in
977 3693 1062 3755 Bezug
1078 3691 1123 3740 auf
1137 3692 1177 3741 die

106 3758 223 3808 ohischer
232 3758 357 3824 Sprache3
370 3760 422 3822 νει.
432 3759 494 3810 iihcr
508 3761 548 3812 die
557 3761 616 3812 red·
670 3759 910 3811 wissenschostlichc
923 3759 1088 3822 Darstcllung
1100 3759 1125 3808 in
1138 3759 1177 3810 la-

106 3825 475 3890 ncrisohcnStudienBrut.90,
485 3826 535 3878 310
547 3844 616 3879 com-
670 3826 805 3879 tcinischer
817 3828 833 3878 S
853 3830 935 3879 racho.

106 3897 244 3946 mentaoar
260 3895 425 3946 declamitam
438 3923 468 3931 -—
483 3893 558 3962 idque
566 3898 615 3961 fa·
703 3894 739 3945 ad
754 3896 793 3947 die
843 3901 930 3949 umet
951 3895 1177 3964 adiudicandum,
