2788 4486
504 303 616 358 mem.
645 303 825 358 erronee.
855 270 857 274 ’
983 305 986 310 ·
1126 307 1188 371 aut

133 460 240 542 tipater
254 469 353 540 negat,
368 459 414 522 cui
429 459 529 540 potius
544 461 699 522 assentior.
714 494 756 506 —
785 460 975 534 ‘Quinimmo
991 460 1104 542 fugiens
1118 478 1190 522 ven-

134 547 184 607 dat
198 545 303 620 sciens,
319 545 457 608 debeatne
472 543 598 608 dicerer
629 545 705 606 ‘Non
718 545 847 608 necesse’
861 553 945 626 putat
958 545 1112 626 Diogenes,
1127 547 1189 608 dn-

132 631 240 712 tipater
260 630 326 692 ‘riri
345 630 427 693 boni’
447 629 602 693 existimat.
632 631 711 695 liaeo
729 639 799 693 sunt
817 631 900 712 quasi
921 641 1108 694 controversa
1128 632 1190 694 iura

133 715 311 778 Stoicorum.
340 716 383 778 ‘ln
393 716 540 795 mancipio
551 717 703 779 vendendo
718 717 878 780 dicendane
892 718 969 792 vitia,
983 735 1046 779 non
1061 737 1190 798 eaquae

133 801 192 864 nisi
208 802 329 876 dixeris,
348 802 535 866 redhiheatur
549 802 728 883 mancipium
748 801 809 864 iure
824 801 913 877 cirili,
933 803 984 882 sed
999 803 1084 878 haee,
1105 821 1189 865 men-

135 887 237 949 dacem
252 905 332 960 esse,
349 887 516 962 aleatorem,
531 889 672 961 furacem,
692 885 878 950 ebriosumi’
907 886 995 950 Alteri
1011 888 1132 950 dicenda
1146 887 1189 949 vi·

135 973 249 1046 dentur,
265 972 348 1034 alteri
361 989 423 1034 non
437 971 580 1034 videntur.
611 973 653 1034 ‘Si
668 973 735 1052 quis
749 991 852 1036 aurum
866 974 997 1034 vendens
1012 973 1189 1036 orichalcum
1210 984 1242 1034 92
1351 967 1354 971 ’

135 1075 168 1118 se
187 1064 272 1138 putet
290 1057 429 1130 vendere,
450 1057 596 1120 indicetne
616 1059 643 1119 ei
662 1058 823 1120 virbonus
843 1053 948 1120 auium
966 1057 1035 1120 illud
1056 1065 1133 1132 esse,
1153 1077 1190 1122 an
1286 1093 1295 1100 -

135 1149 213 1204 emat
227 1142 347 1204 denario
362 1143 440 1222 quod
457 1143 496 1204 sit
509 1143 586 1204 mille
606 1141 794 1206 denarimni’
823 1143 1015 1224 Perspicuum
1031 1151 1076 1205 est
1089 1144 1147 1206 iam
1163 1153 1192 1206 et

135 1227 205 1309 quid
219 1227 292 1290 mihi
306 1228 438 1290 videatur
452 1237 481 1290 et
495 1246 569 1309 quae
580 1231 618 1292 sit
628 1228 705 1291 inter
718 1248 769 1292 eos
784 1229 990 1310 philosophos,
999 1247 1081 1310 ,quos
1091 1229 1190 1291 nomi-

134 1313 209 1389 na'vi,
224 1313 431 1376 controversia.

218 1398 306 1460 Paete
321 1407 349 1460 et
362 1398 511 1479 promissa
522 1413 677 1481 semperne
692 1400 833 1462 servanda
847 1400 915 1475 sint,
931 1418 1007 1468 oure
1019 1419 1075 1462 uec
1087 1418 1117 1460 vr
1133 1419 1189 1461 nne
1207 1405 1249 1467 24

134 1503 214 1555 oeno
231 1503 325 1559 uano,
344 1491 377 1546 ut
391 1492 542 1564 praetores
562 1487 670 1560 solent,
690 1492 784 1546 ruera
800 1503 877 1546 stur.
894 1519 936 1530 -
967 1485 997 1546 Si
1014 1484 1081 1566 quis
1095 1485 1190 1547 medi-
1305 1484 1311 1490 “

136 1577 303 1636 cementum
318 1569 446 1651 cuipiam
461 1570 571 1632 dederit
587 1571 623 1632 ad
639 1571 928 1651 aquamintercutem
940 1571 1149 1651 pepigeritque,
1165 1569 1190 1640 si

133 1676 168 1717 eo
179 1655 394 1718 medicamento
407 1673 497 1718 sanus
509 1658 603 1718 iaetus
614 1665 703 1731 esset,
713 1671 751 1716 ne
762 1655 812 1718 illo
824 1657 1037 1718 medicamento
1049 1673 1190 1737 umquam

133 1749 237 1822 postea
251 1749 390 1815 uteretur,
407 1741 432 1802 si
447 1761 482 1802 eo
498 1741 713 1804 medicamento
728 1760 818 1803 sanus
833 1743 927 1804 laetus
943 1741 981 1803 sit
995 1750 1024 1803 et
1038 1743 1123 1803 annis
1139 1742 1191 1803 ali-

135 1835 208 1906 quot
220 1835 292 1905 post
305 1825 438 1888 inciderit
456 1828 487 1888 in
502 1829 637 1890 eumdem
656 1827 794 1889 morbum
811 1845 865 1889 nec
880 1827 916 1888 ah
933 1846 983 1901 eo,
1004 1827 1122 1908 quicum
1137 1846 1191 1907 pe-

134 1913 259 1994 pigerat,
282 1912 419 1992 impetret
437 1921 471 1974 ut
490 1913 652 1975 iterum‘eo
675 1912 759 1974 liceat
777 1915 834 1987 uti,
860 1913 929 1993 quid
954 1913 1117 1976 laciendum
1143 1913 1189 1974 sit.

134 1998 208 2060 Com
222 1997 261 2058 sit
275 1997 301 2058 is
320 1998 517 2072 inhumanuS,
539 1998 590 2079 qui
604 2016 666 2060 non
680 1999 837 2072 concedat,
858 2017 914 2060 nec
929 2001 956 2060 ei
972 1999 1126 2080 quicquam
1142 1998 1191 2060 fiat

133 2082 270 2156 iniuriae,
290 2083 364 2146 vitae
385 2092 414 2146 et
429 2083 514 2146 saluti
530 2084 752 2146 consulendum.
772 2119 815 2128 -
845 2081 945 2157 Quid?
968 2083 993 2144 si
1009 2085 1058 2165 qui
1074 2083 1189 2163 sapiens
1211 2095 1243 2146 93

132 2176 253 2262 rogatus
275 2168 313 2229 sit
332 2169 367 2230 ab
389 2188 439 2244 eo,
460 2170 510 2250 qui
531 2189 598 2232 eum
613 2170 751 2232 heredem
771 2169 867 2244 iaciat,
888 2188 955 2231 cum
974 2169 1000 2230 ei
1015 2177 1189 2231 testamento

92 2277 95 2282 ·
133 2253 299 2314 sestertium
314 2254 429 2323 miliens
450 2255 643 2335 relinquatur,
662 2265 694 2317 ut
710 2262 777 2316 ante
792 2273 878 2334 quam
893 2255 1083 2318 hereditatem
1098 2256 1190 2330 adeat,

167 2404 378 2471 cdeemsugiooo,
390 2405 415 2455 in
430 2403 549 2470 Gihrung
559 2406 634 2460 iiber-
686 2407 846 2476 praedicere,
866 2421 913 2458 oce
929 2425 964 2460 ere
980 2409 1027 2460 hae
1038 2423 1117 2459 cauea
1131 2407 1190 2459 red·

133 2471 260 2535 schenden
277 2471 362 2526 Weiu⁴
391 2473 450 2525 San.
467 2491 505 2541 ep.
521 2474 551 2525 12
571 2491 634 2542 gro·
688 2478 777 2528 diditio
789 2480 835 2527 eat

133 2543 233 2591 dicetne
243 2544 392 2611 ruotpomo
403 2545 587 2609 cumsuga'unt.
723 2536 776 2595 24.
793 2543 834 2594 92.
851 2545 1047 2597 emendamini,
1069 2545 1190 2597 Dercen-
1268 2539 1272 2548 ’

166 2613 331 2661 controuerso
341 2611 404 2661 iuro
412 2612 474 2682 oder
484 2611 571 2662 dudio·
579 2613 634 2665 sind
685 2613 784 2678 junctiv
792 2613 827 2663 ist
835 2620 942 2680 gesetzt,
951 2614 1010 2665 weil
1019 2614 1074 2664 dem
1084 2613 1190 2666 Schriit·
1272 2673 1283 2683 ν

132 2677 165 2728 im
175 2675 519 2741 Gegensatzaniuaoerhem
528 2679 634 2732 Rechts·
689 2681 779 2732 steller
802 2683 864 2731 noch
888 2684 990 2748 quaerit
1016 2683 1189 2744 voraehweht3

132 2743 578 2813 l'e'lle‚iiherwalehedielleinungen
589 2750 635 2801 der
688 2747 712 2815 ᾖ.
726 2748 767 2799 92.
797 2748 865 2799 Auch
884 2751 928 2800 das
945 2749 1062 2815 loigende
1079 2751 1189 2818 Beispiel

131 2812 354 2878 liechtsgelehrten
374 2816 455 2867 aelhst
475 2817 527 2868 sich
543 2819 635 2868 wider·
688 2817 724 2868 ist
735 2817 922 2868 wolniehtron
935 2817 998 2883 Cic,
1021 2820 1128 2872 sondern
1140 2835 1190 2870 von

131 2883 261 2948 spreehen.
296 2897 342 2948 pro
355 2881 420 2934 hlur.
445 2883 489 2947 13,
511 2884 543 2934 28
565 2887 591 2936 ei
608 2886 637 2937 a‘d
688 2887 735 2936 deu
753 2885 871 2936 Stoilrern
889 2885 1009 2938 oriunden
1031 2889 1081 2938 und
1103 2895 1191 2939 ruerat

131 2949 200 3016 quod
210 2955 312 3018 eportet
326 2951 501 3020 responderis,
521 2952 590 3003 idem
598 2957 635 3006 oe·-
688 2951 830 3004 hehandelt.

131 3017 207 3068 decre
214 3017 379 3086 reapondisse
387 3021 456 3086 qood
463 3019 580 3084 Seruius,
593 3025 634 3073 cin
722 3026 752 3072 ut
760 3026 894 3090 praeterea
903 3023 986 3075 colent
997 3024 1070 3075 niiml.
1081 3025 1188 3077 edicere.

130 3085 210 3153 atter,
222 3090 299 3138 elimo
310 3091 500 3141 condocet-aum
508 3091 550 3140 ios
558 3107 635 3142 ooeae
721 3089 757 3140 ad
767 3106 860 3156 apuam
870 3093 1032 3159 iotmeutem,
1053 3107 1131 3157 gagen
1150 3094 1189 3144 die

132 3159 158 3205 ei
169 3159 294 3206 mactasse
305 3155 415 3207 reiieure.
671 3157 878 3210 “Waasersueht
902 3159 959 3210 Man
972 3175 1040 3211 mess
1052 3161 1189 3213 verbinden

164 3221 596 3292 ea,qoaanuedieeo:s.§.91.
685 3226 776 3278 medie.
791 3227 964 3293 edacitatem
989 3227 1048 3293 Vgl.
1067 3245 1089 3280 z.
1103 3228 1189 3296 ll‚16,

163 3291 343 3343 redhibeatur:
360 3291 416 3358 urp.
429 3295 478 3358 dig.
491 3294 531 3344 21.
558 3295 584 3362 1,
598 3295 629 3344 21
686 3295 728 3345 56.
745 3296 830 3346 dediv.
840 3294 859 3360 l,
870 3296 891 3362 l,
905 3295 935 3345 13
948 3298 1043 3348 mirari
1049 3298 1113 3363 lieet,
1126 3315 1190 3365 quae

130 3359 263 3410 reatuum
269 3363 319 3426 art,
332 3363 362 3410 ut
370 3375 465 3413 rursus
473 3363 567 3414 haheat
573 3379 632 3414 cuo-
686 3365 930 3416 riotonimoduerao
946 3381 963 3415 a
978 3366 1082 3418 medicis
1099 3368 1189 3418 horda-

130 3426 420 3493 ditorqeedhaduarot.
444 3451 463 3480 ¹.
521 3455 524 3462 ,
685 3447 746 3484 reru
754 3449 859 3499 genere,
872 3434 1189 3500 quaaradteumodmor-

155 3496 296 3562 firmemur
319 3511 339 3545 s.
358 3496 397 3547 die
415 3513 447 3564 zu
465 3496 490 3564 ἦ.
504 3497 534 3548 91
554 3515 631 3564 gega—
686 3517 732 3552 suo
744 3503 885 3553 hoedorum
897 3503 932 3553 od
943 3503 1076 3555 oculorum
1085 3506 1189 3556 mordeo

129 3563 193 3615 hene
202 3563 346 3627 Erlrliirung
357 3579 406 3615 von
419 3567 449 3616 de
461 3565 545 3617 furtis.
568 3569 631 3620 llass
659 3577 662 3584 '
686 3569 721 3620 od
731 3568 845 3621 volume.

129 3634 176 3682 der
184 3631 329 3683 Verkiiufer
341 3633 409 3683 nicht
420 3634 565 3699 anzugeben
578 3637 632 3687 hot·
720 3641 745 3688 ei
752 3655 781 3689 eo
790 3638 983 3702 medicamento,
992 3640 1042 3691 wie
1051 3655 1080 3692 cs
1090 3641 1114 3692 io
1124 3641 1190 3692 Ver·

128 3699 207 3765 te‚¹oh
220 3700 267 3750 der
275 3699 366 3750 Selave
379 3701 431 3752 sich
441 3701 588 3773 Dichoreien
599 3706 631 3755 ina
686 3706 775 3770 triigen
787 3708 837 3757 und
847 3707 1016 3770 gesetzlichen
1026 3709 1189 3760 Bestiauuun-
1268 3721 1276 3731 ‘

128 3767 211 3820 Haase
236 3769 306 3819 hatte
326 3784 359 3818 zu
376 3769 500 3820 Schulden
518 3771 631 3838 hommen
685 3789 732 3838 gen
757 3774 803 3824 der
822 3774 971 3838 juristisehe
995 3775 1043 3828 Stil
1067 3778 1112 3828 mit
1135 3779 1187 3832 sich

127 3837 220 3902 laaseo,
232 3837 355 3900 hestdtigt
366 3835 484 3889 Mareian.
498 3840 549 3903 dig:
559 3839 631 3906 XXI,
685 3841 782 3905 heingi,
807 3843 870 3892 wird
892 3845 936 3893 dae
958 3843 1036 3896 Wort
1054 3847 1187 3898 mehrroals

129 3904 153 3967 1,
163 3905 195 3955 52
207 3907 344 3972 adsuetum
356 3905 569 3972 dontiooseoon't,
581 3925 631 3961 noo
685 3911 842 3972 wiederholt,
855 3927 895 3960 um
905 3911 965 3976 jede
978 3911 1188 3978 Zweideutiglreit

128 3977 168 4024 eet
182 3987 286 4028 nocuae
300 3976 347 4028 doe
364 3978 391 4028 in
408 3975 552 4028 eoduma
564 3980 632 4030 actui
686 3995 717 4028 zu
732 3979 884 4037 vermeiden,
