<?xml version="1.0" encoding="UTF-8"?>
<!DOCTYPE html PUBLIC "-//W3C//DTD XHTML 1.0 Transitional//EN"
    "http://www.w3.org/TR/xhtml1/DTD/xhtml1-transitional.dtd">
<html xmlns="http://www.w3.org/1999/xhtml" xml:lang="en" lang="en">
 <head>
  <title>
</title>
<meta http-equiv="Content-Type" content="text/html;charset=utf-8" />
  <meta name='ocr-system' content='tesseract 3.04.00' />
  <meta name='ocr-capabilities' content='ocr_page ocr_carea ocr_par ocr_line ocrx_word'/>
</head>
<body>
  <div class='ocr_page' id='page_1' title='image "./mtulliiciceroni00heingoog_0153.png"; bbox 0 0 2718 4484; ppageno 0'>
   <div class='ocr_carea' id='block_1_1' title="bbox 426 251 1177 358">
    <p class='ocr_par' dir='ltr' id='par_1_1' title="bbox 426 251 1177 358">
     <span class='ocr_line' id='line_1_1' title="bbox 426 251 1177 358; baseline 0.021 -16"><span class='ocrx_word' id='word_1_1' title='bbox 426 251 429 265; x_wconf 76' lang='grc'><strong>’</strong></span> <span class='ocrx_word' id='word_1_2' title='bbox 496 291 599 344; x_wconf 81' lang='lat' dir='ltr'>mnu.</span> <span class='ocrx_word' id='word_1_3' title='bbox 627 292 696 344; x_wconf 77' lang='lat' dir='ltr'>car.</span> <span class='ocrx_word' id='word_1_4' title='bbox 711 293 751 344; x_wconf 81' lang='lat'>21.</span> <span class='ocrx_word' id='word_1_5' title='bbox 766 293 807 342; x_wconf 79' lang='lat'>22.</span> <span class='ocrx_word' id='word_1_6' title='bbox 931 307 933 312; x_wconf 89' lang='lat'><em>·</em></span> <span class='ocrx_word' id='word_1_7' title='bbox 1117 295 1177 358; x_wconf 79' lang='lat'>149</span> 
     </span>
    </p>
   </div>
   <div class='ocr_carea' id='block_1_2' title="bbox 100 447 1230 2744">
    <p class='ocr_par' dir='ltr' id='par_1_2' title="bbox 100 447 1230 1382">
     <span class='ocr_line' id='line_1_2' title="bbox 100 447 1177 528; baseline 0 -18"><span class='ocrx_word' id='word_1_8' title='bbox 100 447 204 522; x_wconf 86' lang='lat' dir='ltr'>mins,</span> <span class='ocrx_word' id='word_1_9' title='bbox 214 463 286 509; x_wconf 89' lang='lat' dir='ltr'>num</span> <span class='ocrx_word' id='word_1_10' title='bbox 298 447 366 528; x_wconf 85' lang='lat' dir='ltr'>quid</span> <span class='ocrx_word' id='word_1_11' title='bbox 378 447 534 528; x_wconf 88' lang='lat' dir='ltr'>copiosior,</span> <span class='ocrx_word' id='word_1_12' title='bbox 546 465 612 508; x_wconf 87' lang='lat' dir='ltr'>cum</span> <span class='ocrx_word' id='word_1_13' title='bbox 624 447 860 526; x_wconf 84' lang='lat' dir='ltr'>copiosissimam</span> <span class='ocrx_word' id='word_1_14' title='bbox 870 447 974 510; x_wconf 89' lang='lat' dir='ltr'>urbem</span> <span class='ocrx_word' id='word_1_15' title='bbox 984 447 1115 510; x_wconf 82' lang='lat' dir='ltr'>funditus</span> <span class='ocrx_word' id='word_1_16' title='bbox 1125 467 1177 511; x_wconf 91' lang='lat' dir='ltr'>su·</span> 
     </span>
     <span class='ocr_line' id='line_1_3' title="bbox 102 531 1230 614; baseline 0 -18"><span class='ocrx_word' id='word_1_17' title='bbox 102 531 265 596; x_wconf 79' lang='lat' dir='ltr'>stulisset‘?</span> <span class='ocrx_word' id='word_1_18' title='bbox 284 533 393 594; x_wconf 89' lang='lat' dir='ltr'>ltaliam</span> <span class='ocrx_word' id='word_1_19' title='bbox 409 551 514 596; x_wconf 89' lang='lat' dir='ltr'>ornare</span> <span class='ocrx_word' id='word_1_20' title='bbox 529 551 615 612; x_wconf 87' lang='lat' dir='ltr'>quarn</span> <span class='ocrx_word' id='word_1_21' title='bbox 632 533 754 594; x_wconf 90' lang='lat' dir='ltr'>domum</span> <span class='ocrx_word' id='word_1_22' title='bbox 772 551 854 594; x_wconf 91' lang='lat' dir='ltr'>suam</span> <span class='ocrx_word' id='word_1_23' title='bbox 867 533 974 596; x_wconf 90' lang='lat' dir='ltr'>maluit.</span> <span class='ocrx_word' id='word_1_24' title='bbox 994 533 1111 596; x_wconf 88' lang='lat' dir='ltr'>Nullum</span> <span class='ocrx_word' id='word_1_25' title='bbox 1122 534 1177 614; x_wconf 84' lang='lat' dir='ltr'>igi·</span> <span class='ocrx_word' id='word_1_26' title='bbox 1199 547 1230 596; x_wconf 74' lang='grc' dir='ltr'>Π</span> 
     </span>
     <span class='ocr_line' id='line_1_4' title="bbox 102 619 1178 697; baseline -0.001 -16"><span class='ocrx_word' id='word_1_27' title='bbox 102 628 162 681; x_wconf 89' lang='lat' dir='ltr'>tur</span> <span class='ocrx_word' id='word_1_28' title='bbox 177 619 280 679; x_wconf 85' lang='lat' dir='ltr'>vitium</span> <span class='ocrx_word' id='word_1_29' title='bbox 295 619 415 680; x_wconf 87' lang='lat' dir='ltr'>taetrius</span> <span class='ocrx_word' id='word_1_30' title='bbox 430 626 489 692; x_wconf 89' lang='lat' dir='ltr'>est,</span> <span class='ocrx_word' id='word_1_31' title='bbox 505 627 537 679; x_wconf 88' lang='lat' dir='ltr'>nt</span> <span class='ocrx_word' id='word_1_32' title='bbox 552 637 603 694; x_wconf 87' lang='lat' dir='ltr'>eo,</span> <span class='ocrx_word' id='word_1_33' title='bbox 619 619 698 679; x_wconf 91' lang='lat' dir='ltr'>unde</span> <span class='ocrx_word' id='word_1_34' title='bbox 712 637 827 697; x_wconf 81' lang='lat' dir='ltr'>egressa</span> <span class='ocrx_word' id='word_1_35' title='bbox 842 628 894 694; x_wconf 83' lang='lat' dir='ltr'>est,</span> <span class='ocrx_word' id='word_1_36' title='bbox 908 621 1015 681; x_wconf 82' lang='lat' dir='ltr'>reserat</span> <span class='ocrx_word' id='word_1_37' title='bbox 1030 638 1061 680; x_wconf 88' lang='lat' dir='ltr'>se</span> <span class='ocrx_word' id='word_1_38' title='bbox 1078 620 1178 694; x_wconf 87' lang='lat' dir='ltr'>oratio,</span> 
     </span>
     <span class='ocr_line' id='line_1_5' title="bbox 106 697 1177 786; baseline 0.002 -21"><span class='ocrx_word' id='word_1_39' title='bbox 106 723 205 784; x_wconf 87' lang='lat' dir='ltr'>quam</span> <span class='ocrx_word' id='word_1_40' title='bbox 221 703 345 777; x_wconf 85' lang='lat' dir='ltr'>avaritia,</span> <span class='ocrx_word' id='word_1_41' title='bbox 361 704 534 786; x_wconf 87' lang='lat' dir='ltr'>praesertim</span> <span class='ocrx_word' id='word_1_42' title='bbox 550 702 580 764; x_wconf 90' lang='lat' dir='ltr'>in</span> <span class='ocrx_word' id='word_1_43' title='bbox 595 701 776 783; x_wconf 89' lang='lat' dir='ltr'>principibus</span> <span class='ocrx_word' id='word_1_44' title='bbox 791 712 820 766; x_wconf 91' lang='lat' dir='ltr'>et</span> <span class='ocrx_word' id='word_1_45' title='bbox 833 724 894 765; x_wconf 86' lang='lat' dir='ltr'>rem</span> <span class='ocrx_word' id='word_1_46' title='bbox 910 704 1055 784; x_wconf 81' lang='lat' dir='ltr'>publicam</span> <span class='ocrx_word' id='word_1_47' title='bbox 1071 697 1177 784; x_wconf 80' lang='lat' dir='ltr'>gebei-</span> 
     </span>
     <span class='ocr_line' id='line_1_6' title="bbox 105 786 1178 869; baseline 0 -19"><span class='ocrx_word' id='word_1_48' title='bbox 105 789 263 850; x_wconf 89' lang='lat' dir='ltr'>nantibus.</span> <span class='ocrx_word' id='word_1_49' title='bbox 294 787 407 850; x_wconf 87' lang='lat' dir='ltr'>Habere</span> <span class='ocrx_word' id='word_1_50' title='bbox 427 789 506 850; x_wconf 90' lang='lat' dir='ltr'>enim</span> <span class='ocrx_word' id='word_1_51' title='bbox 528 789 659 868; x_wconf 86' lang='lat' dir='ltr'>quaestui</span> <span class='ocrx_word' id='word_1_52' title='bbox 675 807 737 850; x_wconf 92' lang='lat' dir='ltr'>rem</span> <span class='ocrx_word' id='word_1_53' title='bbox 753 789 897 868; x_wconf 77' lang='lat' dir='ltr'>publicam</span> <span class='ocrx_word' id='word_1_54' title='bbox 913 807 976 850; x_wconf 90' lang='lat' dir='ltr'>non</span> <span class='ocrx_word' id='word_1_55' title='bbox 990 786 1080 851; x_wconf 88' lang='lat' dir='ltr'>niodo</span> <span class='ocrx_word' id='word_1_56' title='bbox 1093 799 1178 869; x_wconf 81' lang='lat' dir='ltr'><strong>turpe</strong></span> 
     </span>
     <span class='ocr_line' id='line_1_7' title="bbox 106 873 1178 954; baseline 0 -18"><span class='ocrx_word' id='word_1_57' title='bbox 106 883 174 948; x_wconf 88' lang='lat' dir='ltr'>est,</span> <span class='ocrx_word' id='word_1_58' title='bbox 194 875 245 936; x_wconf 90' lang='lat' dir='ltr'>sed</span> <span class='ocrx_word' id='word_1_59' title='bbox 266 874 437 936; x_wconf 87' lang='lat' dir='ltr'>sceleratum</span> <span class='ocrx_word' id='word_1_60' title='bbox 454 874 540 936; x_wconf 89' lang='lat' dir='ltr'>etiam</span> <span class='ocrx_word' id='word_1_61' title='bbox 561 882 589 950; x_wconf 83' lang='lat' dir='ltr'>et</span> <span class='ocrx_word' id='word_1_62' title='bbox 607 873 759 935; x_wconf 84' lang='lat' dir='ltr'>netarium.</span> <span class='ocrx_word' id='word_1_63' title='bbox 789 875 889 953; x_wconf 87' lang='lat' dir='ltr'>ltaque</span> <span class='ocrx_word' id='word_1_64' title='bbox 907 876 985 953; x_wconf 91' lang='lat' dir='ltr'>quod</span> <span class='ocrx_word' id='word_1_65' title='bbox 1001 875 1105 953; x_wconf 83' lang='lat' dir='ltr'>Apollo</span> <span class='ocrx_word' id='word_1_66' title='bbox 1120 876 1178 954; x_wconf 79' lang='lat' dir='ltr'>Pp·</span> 
     </span>
     <span class='ocr_line' id='line_1_8' title="bbox 107 959 1178 1038; baseline -0.001 -17"><span class='ocrx_word' id='word_1_67' title='bbox 107 961 195 1022; x_wconf 88' lang='lat' dir='ltr'><strong>thius</strong></span> <span class='ocrx_word' id='word_1_68' title='bbox 216 959 366 1020; x_wconf 91' lang='lat' dir='ltr'>oraculum</span> <span class='ocrx_word' id='word_1_69' title='bbox 387 959 488 1034; x_wconf 82' lang='lat' dir='ltr'><strong>edidit,</strong></span> <span class='ocrx_word' id='word_1_70' title='bbox 511 959 660 1038; x_wconf 82' lang='lat' dir='ltr'>‘Spartam</span> <span class='ocrx_word' id='word_1_71' title='bbox 680 959 756 1020; x_wconf 92' lang='lat' dir='ltr'>nulla</span> <span class='ocrx_word' id='word_1_72' title='bbox 777 959 880 1022; x_wconf 89' lang='lat' dir='ltr'>realia</span> <span class='ocrx_word' id='word_1_73' title='bbox 901 960 959 1023; x_wconf 87' lang='lat' dir='ltr'>nisi</span> <span class='ocrx_word' id='word_1_74' title='bbox 977 959 1092 1020; x_wconf 84' lang='lat' dir='ltr'>avaritia</span> <span class='ocrx_word' id='word_1_75' title='bbox 1113 979 1178 1020; x_wconf 90' lang='lat' dir='ltr'>esse</span> 
     </span>
     <span class='ocr_line' id='line_1_9' title="bbox 108 1043 1177 1127; baseline -0.002 -21"><span class='ocrx_word' id='word_1_76' title='bbox 108 1044 299 1127; x_wconf 84' lang='lat' dir='ltr'>perituram&#39;,</span> <span class='ocrx_word' id='word_1_77' title='bbox 311 1044 340 1104; x_wconf 90' lang='lat' dir='ltr'>id</span> <span class='ocrx_word' id='word_1_78' title='bbox 351 1043 464 1105; x_wconf 85' lang='lat' dir='ltr'>ridetur</span> <span class='ocrx_word' id='word_1_79' title='bbox 475 1062 535 1104; x_wconf 92' lang='lat' dir='ltr'>non</span> <span class='ocrx_word' id='word_1_80' title='bbox 548 1045 644 1106; x_wconf 90' lang='lat' dir='ltr'>solum</span> <span class='ocrx_word' id='word_1_81' title='bbox 656 1043 902 1118; x_wconf 78' lang='lat' dir='ltr'>Lacedaemoniis,</span> <span class='ocrx_word' id='word_1_82' title='bbox 917 1044 1067 1106; x_wconf 89' lang='lat' dir='ltr'>sedetiam</span> <span class='ocrx_word' id='word_1_83' title='bbox 1080 1045 1177 1106; x_wconf 88' lang='lat' dir='ltr'>omni-</span> 
     </span>
     <span class='ocr_line' id='line_1_10' title="bbox 109 1128 1176 1210; baseline -0.003 -18"><span class='ocrx_word' id='word_1_84' title='bbox 109 1133 173 1192; x_wconf 90' lang='lat' dir='ltr'>bus</span> <span class='ocrx_word' id='word_1_85' title='bbox 195 1129 341 1209; x_wconf 88' lang='lat' dir='ltr'>opulentis</span> <span class='ocrx_word' id='word_1_86' title='bbox 359 1129 476 1208; x_wconf 90' lang='lat' dir='ltr'>populis</span> <span class='ocrx_word' id='word_1_87' title='bbox 492 1128 681 1210; x_wconf 83' lang='lat' dir='ltr'>praedixisse.</span> <span class='ocrx_word' id='word_1_88' title='bbox 711 1129 793 1192; x_wconf 88' lang='lat' dir='ltr'>Nulla</span> <span class='ocrx_word' id='word_1_89' title='bbox 808 1137 903 1190; x_wconf 87' lang='lat' dir='ltr'>autem</span> <span class='ocrx_word' id='word_1_90' title='bbox 919 1149 950 1190; x_wconf 93' lang='lat' dir='ltr'>re</span> <span class='ocrx_word' id='word_1_91' title='bbox 965 1129 1118 1190; x_wconf 88' lang='lat' dir='ltr'>conciliare</span> <span class='ocrx_word' id='word_1_92' title='bbox 1133 1131 1176 1190; x_wconf 84' lang='lat' dir='ltr'>ta-</span> 
     </span>
     <span class='ocr_line' id='line_1_11' title="bbox 110 1211 1219 1294; baseline -0.002 -17"><span class='ocrx_word' id='word_1_93' title='bbox 110 1215 199 1278; x_wconf 91' lang='lat' dir='ltr'>cilius</span> <span class='ocrx_word' id='word_1_94' title='bbox 225 1211 455 1276; x_wconf 89' lang='lat' dir='ltr'>benevolentiam</span> <span class='ocrx_word' id='word_1_95' title='bbox 480 1212 674 1276; x_wconf 88' lang='lat' dir='ltr'>multitudinis</span> <span class='ocrx_word' id='word_1_96' title='bbox 698 1223 835 1294; x_wconf 68' lang='lat' dir='ltr'>possunt.</span> <span class='ocrx_word' id='word_1_97' title='bbox 849 1215 883 1288; x_wconf 89' lang='lat' dir='ltr'>ii,</span> <span class='ocrx_word' id='word_1_98' title='bbox 910 1215 959 1294; x_wconf 83' lang='lat' dir='ltr'>qui</span> <span class='ocrx_word' id='word_1_99' title='bbox 983 1213 1178 1294; x_wconf 85' lang='lat' dir='ltr'>reipublicae</span> <span class='ocrx_word' id='word_1_100' title='bbox 1216 1251 1219 1255; x_wconf 92' lang='lat'><em>-</em></span> 
     </span>
     <span class='ocr_line' id='line_1_12' title="bbox 110 1299 803 1382; baseline -0.003 -20"><span class='ocrx_word' id='word_1_101' title='bbox 110 1308 265 1382; x_wconf 77' lang='lat' dir='ltr'>praesunt</span> <span class='ocrx_word' id='word_1_102' title='bbox 283 1319 370 1380; x_wconf 86' lang='lat' dir='ltr'>quam</span> <span class='ocrx_word' id='word_1_103' title='bbox 386 1299 558 1362; x_wconf 87' lang='lat' dir='ltr'>abstinentia</span> <span class='ocrx_word' id='word_1_104' title='bbox 574 1308 603 1361; x_wconf 91' lang='lat' dir='ltr'>et</span> <span class='ocrx_word' id='word_1_105' title='bbox 618 1300 803 1360; x_wconf 83' lang='lat' dir='ltr'>continentia.</span> 
     </span>
    </p>

    <p class='ocr_par' dir='ltr' id='par_1_3' title="bbox 110 1385 1229 2744">
     <span class='ocr_line' id='line_1_13' title="bbox 203 1385 1229 1464; baseline 0.001 -19"><span class='ocrx_word' id='word_1_106' title='bbox 203 1385 260 1458; x_wconf 81' lang='lat' dir='ltr'>Qui</span> <span class='ocrx_word' id='word_1_107' title='bbox 274 1403 343 1446; x_wconf 88' lang='lat' dir='ltr'>vero</span> <span class='ocrx_word' id='word_1_108' title='bbox 361 1404 393 1446; x_wconf 90' lang='lat' dir='ltr'>se</span> <span class='ocrx_word' id='word_1_109' title='bbox 408 1386 564 1464; x_wconf 85' lang='lat' dir='ltr'>populares</span> <span class='ocrx_word' id='word_1_110' title='bbox 581 1385 683 1446; x_wconf 89' lang='lat' dir='ltr'>volunt</span> <span class='ocrx_word' id='word_1_111' title='bbox 703 1385 740 1446; x_wconf 92' lang='lat' dir='ltr'>ob</span> <span class='ocrx_word' id='word_1_112' title='bbox 757 1403 878 1464; x_wconf 80' lang='lat' dir='ltr'>eamque</span> <span class='ocrx_word' id='word_1_113' title='bbox 894 1403 1012 1462; x_wconf 85' lang='lat' dir='ltr'>oausam</span> <span class='ocrx_word' id='word_1_114' title='bbox 1027 1391 1078 1446; x_wconf 88' lang='lat' dir='ltr'>ant</span> <span class='ocrx_word' id='word_1_115' title='bbox 1092 1403 1176 1463; x_wconf 83' lang='lat' dir='ltr'>agra·</span> <span class='ocrx_word' id='word_1_116' title='bbox 1197 1397 1229 1447; x_wconf 78' lang='lat'>78</span> 
     </span>
     <span class='ocr_line' id='line_1_14' title="bbox 110 1470 1176 1552; baseline -0.002 -20"><span class='ocrx_word' id='word_1_117' title='bbox 110 1471 190 1532; x_wconf 90' lang='lat' dir='ltr'>riam</span> <span class='ocrx_word' id='word_1_118' title='bbox 202 1489 264 1534; x_wconf 91' lang='lat' dir='ltr'>rem</span> <span class='ocrx_word' id='word_1_119' title='bbox 276 1478 430 1552; x_wconf 79' lang='lat' dir='ltr'>temptant,</span> <span class='ocrx_word' id='word_1_120' title='bbox 442 1479 475 1532; x_wconf 92' lang='lat' dir='ltr'>ut</span> <span class='ocrx_word' id='word_1_121' title='bbox 486 1489 676 1550; x_wconf 85' lang='lat' dir='ltr'>possessores</span> <span class='ocrx_word' id='word_1_122' title='bbox 689 1471 832 1551; x_wconf 87' lang='lat' dir='ltr'>pellantur</span> <span class='ocrx_word' id='word_1_123' title='bbox 841 1470 903 1531; x_wconf 91' lang='lat' dir='ltr'>suis</span> <span class='ocrx_word' id='word_1_124' title='bbox 914 1470 1043 1542; x_wconf 86' lang='lat' dir='ltr'>sedibus,</span> <span class='ocrx_word' id='word_1_125' title='bbox 1060 1478 1110 1531; x_wconf 90' lang='lat' dir='ltr'>aut</span> <span class='ocrx_word' id='word_1_126' title='bbox 1124 1489 1176 1549; x_wconf 90' lang='lat' dir='ltr'>pe-</span> 
     </span>
     <span class='ocr_line' id='line_1_15' title="bbox 113 1554 1176 1634; baseline -0.002 -16"><span class='ocrx_word' id='word_1_127' title='bbox 113 1556 216 1618; x_wconf 91' lang='lat' dir='ltr'>cunias</span> <span class='ocrx_word' id='word_1_128' title='bbox 233 1556 356 1618; x_wconf 87' lang='lat' dir='ltr'>creditas</span> <span class='ocrx_word' id='word_1_129' title='bbox 372 1555 552 1616; x_wconf 86' lang='lat' dir='ltr'>debitoribus</span> <span class='ocrx_word' id='word_1_130' title='bbox 569 1555 777 1616; x_wconf 89' lang='lat' dir='ltr'>condonandas</span> <span class='ocrx_word' id='word_1_131' title='bbox 794 1563 906 1634; x_wconf 87' lang='lat' dir='ltr'>putant,</span> <span class='ocrx_word' id='word_1_132' title='bbox 922 1554 1093 1616; x_wconf 88' lang='lat' dir='ltr'>labefactant</span> <span class='ocrx_word' id='word_1_133' title='bbox 1108 1555 1176 1616; x_wconf 86' lang='lat' dir='ltr'>lun·</span> 
     </span>
     <span class='ocr_line' id='line_1_16' title="bbox 112 1639 1175 1720; baseline -0.004 -16"><span class='ocrx_word' id='word_1_134' title='bbox 112 1643 250 1704; x_wconf 88' lang='lat' dir='ltr'>damenta</span> <span class='ocrx_word' id='word_1_135' title='bbox 265 1640 307 1701; x_wconf 94' lang='lat' dir='ltr'>rei</span> <span class='ocrx_word' id='word_1_136' title='bbox 319 1639 458 1720; x_wconf 88' lang='lat' dir='ltr'>publicae,</span> <span class='ocrx_word' id='word_1_137' title='bbox 474 1639 663 1703; x_wconf 90' lang='lat' dir='ltr'>concordiam</span> <span class='ocrx_word' id='word_1_138' title='bbox 675 1640 815 1720; x_wconf 90' lang='lat' dir='ltr'>primum,</span> <span class='ocrx_word' id='word_1_139' title='bbox 833 1659 904 1720; x_wconf 87' lang='lat' dir='ltr'>quae</span> <span class='ocrx_word' id='word_1_140' title='bbox 916 1658 1053 1701; x_wconf 90' lang='lat' dir='ltr'>essenon</span> <span class='ocrx_word' id='word_1_141' title='bbox 1065 1647 1175 1720; x_wconf 90' lang='lat' dir='ltr'>potest,</span> 
     </span>
     <span class='ocr_line' id='line_1_17' title="bbox 114 1725 1175 1805; baseline -0.004 -15"><span class='ocrx_word' id='word_1_142' title='bbox 114 1746 183 1790; x_wconf 93' lang='lat' dir='ltr'>cum</span> <span class='ocrx_word' id='word_1_143' title='bbox 203 1725 266 1788; x_wconf 92' lang='lat' dir='ltr'>aliis</span> <span class='ocrx_word' id='word_1_144' title='bbox 287 1725 468 1800; x_wconf 89' lang='lat' dir='ltr'>adimuntur,</span> <span class='ocrx_word' id='word_1_145' title='bbox 486 1726 548 1787; x_wconf 91' lang='lat' dir='ltr'>aliis</span> <span class='ocrx_word' id='word_1_146' title='bbox 571 1725 776 1788; x_wconf 88' lang='lat' dir='ltr'>condonantur</span> <span class='ocrx_word' id='word_1_147' title='bbox 790 1725 939 1804; x_wconf 87' lang='lat' dir='ltr'>pecuniae,</span> <span class='ocrx_word' id='word_1_148' title='bbox 956 1725 1060 1786; x_wconf 89' lang='lat' dir='ltr'>deinde</span> <span class='ocrx_word' id='word_1_149' title='bbox 1075 1725 1175 1805; x_wconf 86' lang='lat' dir='ltr'>aequi·</span> 
     </span>
     <span class='ocr_line' id='line_1_18' title="bbox 112 1808 1175 1890; baseline -0.002 -17"><span class='ocrx_word' id='word_1_150' title='bbox 112 1821 218 1886; x_wconf 84' lang='lat' dir='ltr'>tatem,</span> <span class='ocrx_word' id='word_1_151' title='bbox 236 1830 311 1890; x_wconf 91' lang='lat' dir='ltr'>quae</span> <span class='ocrx_word' id='word_1_152' title='bbox 324 1811 435 1872; x_wconf 90' lang='lat' dir='ltr'>tollitur</span> <span class='ocrx_word' id='word_1_153' title='bbox 449 1811 560 1881; x_wconf 90' lang='lat' dir='ltr'>omnis,</span> <span class='ocrx_word' id='word_1_154' title='bbox 576 1811 601 1871; x_wconf 92' lang='lat' dir='ltr'>si</span> <span class='ocrx_word' id='word_1_155' title='bbox 617 1808 724 1871; x_wconf 87' lang='lat' dir='ltr'>habere</span> <span class='ocrx_word' id='word_1_156' title='bbox 740 1828 827 1871; x_wconf 91' lang='lat' dir='ltr'>suum</span> <span class='ocrx_word' id='word_1_157' title='bbox 843 1809 946 1889; x_wconf 87' lang='lat' dir='ltr'>cuique</span> <span class='ocrx_word' id='word_1_158' title='bbox 962 1810 1113 1872; x_wconf 91' lang='lat' dir='ltr'>nonlicet.</span> <span class='ocrx_word' id='word_1_159' title='bbox 1143 1811 1175 1872; x_wconf 96' lang='lat' dir='ltr'>ld</span> 
     </span>
     <span class='ocr_line' id='line_1_19' title="bbox 113 1895 1176 1976; baseline -0.001 -18"><span class='ocrx_word' id='word_1_160' title='bbox 113 1897 194 1959; x_wconf 89' lang='lat' dir='ltr'>enim</span> <span class='ocrx_word' id='word_1_161' title='bbox 215 1904 267 1957; x_wconf 65' lang='lat' dir='ltr'>est,</span> <span class='ocrx_word' id='word_1_162' title='bbox 279 1897 446 1976; x_wconf 87' lang='lat' dir='ltr'>proprium,</span> <span class='ocrx_word' id='word_1_163' title='bbox 466 1903 499 1956; x_wconf 91' lang='lat' dir='ltr'>ut</span> <span class='ocrx_word' id='word_1_164' title='bbox 519 1915 608 1976; x_wconf 89' lang='lat' dir='ltr'>supra</span> <span class='ocrx_word' id='word_1_165' title='bbox 629 1896 701 1970; x_wconf 81' lang='lat' dir='ltr'>dixi,</span> <span class='ocrx_word' id='word_1_166' title='bbox 723 1895 843 1970; x_wconf 80' lang='lat' dir='ltr'>civitatis</span> <span class='ocrx_word' id='word_1_167' title='bbox 865 1901 950 1974; x_wconf 89' lang='lat' dir='ltr'>atque</span> <span class='ocrx_word' id='word_1_168' title='bbox 968 1896 1065 1968; x_wconf 90' lang='lat' dir='ltr'>urbis,</span> <span class='ocrx_word' id='word_1_169' title='bbox 1086 1904 1118 1956; x_wconf 89' lang='lat' dir='ltr'>ut</span> <span class='ocrx_word' id='word_1_170' title='bbox 1138 1895 1176 1957; x_wconf 90' lang='lat' dir='ltr'>sit</span> 
     </span>
     <span class='ocr_line' id='line_1_20' title="bbox 111 1980 1228 2062; baseline -0.004 -18"><span class='ocrx_word' id='word_1_171' title='bbox 111 1983 205 2044; x_wconf 85' lang='lat' dir='ltr'>libera</span> <span class='ocrx_word' id='word_1_172' title='bbox 225 1989 254 2042; x_wconf 92' lang='lat' dir='ltr'>et</span> <span class='ocrx_word' id='word_1_173' title='bbox 267 1999 328 2042; x_wconf 92' lang='lat' dir='ltr'>non</span> <span class='ocrx_word' id='word_1_174' title='bbox 349 1980 473 2043; x_wconf 86' lang='lat' dir='ltr'>sollicita</span> <span class='ocrx_word' id='word_1_175' title='bbox 485 2001 555 2042; x_wconf 91' lang='lat' dir='ltr'>suae</span> <span class='ocrx_word' id='word_1_176' title='bbox 575 1982 617 2043; x_wconf 93' lang='lat' dir='ltr'>rei</span> <span class='ocrx_word' id='word_1_177' title='bbox 637 1981 779 2062; x_wconf 89' lang='lat' dir='ltr'>cuiusque</span> <span class='ocrx_word' id='word_1_178' title='bbox 794 1981 933 2042; x_wconf 87' lang='lat' dir='ltr'>custodia.</span> <span class='ocrx_word' id='word_1_179' title='bbox 964 1982 1056 2060; x_wconf 82' lang='lat' dir='ltr'>Atque</span> <span class='ocrx_word' id='word_1_180' title='bbox 1075 1980 1105 2042; x_wconf 91' lang='lat' dir='ltr'>in</span> <span class='ocrx_word' id='word_1_181' title='bbox 1121 1982 1176 2042; x_wconf 87' lang='lat' dir='ltr'>hac</span> <span class='ocrx_word' id='word_1_182' title='bbox 1196 1991 1228 2041; x_wconf 69' lang='grc' dir='ltr'>τε</span> 
     </span>
     <span class='ocr_line' id='line_1_21' title="bbox 112 2067 1175 2150; baseline -0.002 -22"><span class='ocrx_word' id='word_1_183' title='bbox 112 2067 242 2150; x_wconf 89' lang='lat' dir='ltr'>pernicie</span> <span class='ocrx_word' id='word_1_184' title='bbox 257 2067 299 2127; x_wconf 88' lang='lat' dir='ltr'>rei</span> <span class='ocrx_word' id='word_1_185' title='bbox 314 2067 447 2146; x_wconf 89' lang='lat' dir='ltr'>publicae</span> <span class='ocrx_word' id='word_1_186' title='bbox 457 2085 494 2128; x_wconf 93' lang='lat' dir='ltr'>ne</span> <span class='ocrx_word' id='word_1_187' title='bbox 509 2067 589 2128; x_wconf 89' lang='lat' dir='ltr'>illam</span> <span class='ocrx_word' id='word_1_188' title='bbox 601 2067 720 2146; x_wconf 90' lang='lat' dir='ltr'>quidem</span> <span class='ocrx_word' id='word_1_189' title='bbox 733 2073 954 2146; x_wconf 89' lang='lat' dir='ltr'>consequuntur</span> <span class='ocrx_word' id='word_1_190' title='bbox 969 2085 1056 2150; x_wconf 79' lang='lat' dir='ltr'>quarn</span> <span class='ocrx_word' id='word_1_191' title='bbox 1072 2073 1175 2146; x_wconf 89' lang='lat' dir='ltr'>putant</span> 
     </span>
     <span class='ocr_line' id='line_1_22' title="bbox 114 2151 1175 2231; baseline -0.001 -18"><span class='ocrx_word' id='word_1_192' title='bbox 114 2152 245 2231; x_wconf 82' lang='lat' dir='ltr'>gratiam.</span> <span class='ocrx_word' id='word_1_193' title='bbox 275 2151 341 2212; x_wconf 91' lang='lat' dir='ltr'>Non</span> <span class='ocrx_word' id='word_1_194' title='bbox 357 2152 402 2212; x_wconf 91' lang='lat' dir='ltr'>cui</span> <span class='ocrx_word' id='word_1_195' title='bbox 417 2171 464 2214; x_wconf 90' lang='lat' dir='ltr'>res</span> <span class='ocrx_word' id='word_1_196' title='bbox 481 2160 581 2231; x_wconf 91' lang='lat' dir='ltr'>erepta</span> <span class='ocrx_word' id='word_1_197' title='bbox 596 2159 640 2212; x_wconf 90' lang='lat' dir='ltr'>est</span> <span class='ocrx_word' id='word_1_198' title='bbox 655 2159 699 2212; x_wconf 90' lang='lat' dir='ltr'>est</span> <span class='ocrx_word' id='word_1_199' title='bbox 714 2151 864 2213; x_wconf 88' lang='lat' dir='ltr'>iuimicus:</span> <span class='ocrx_word' id='word_1_200' title='bbox 886 2151 931 2212; x_wconf 91' lang='lat' dir='ltr'>oui</span> <span class='ocrx_word' id='word_1_201' title='bbox 948 2152 1013 2213; x_wconf 89' lang='lat' dir='ltr'>data</span> <span class='ocrx_word' id='word_1_202' title='bbox 1028 2160 1073 2213; x_wconf 89' lang='lat' dir='ltr'>est</span> <span class='ocrx_word' id='word_1_203' title='bbox 1088 2152 1175 2212; x_wconf 88' lang='lat' dir='ltr'>etiam</span> 
     </span>
     <span class='ocr_line' id='line_1_23' title="bbox 115 2236 1175 2320; baseline -0.002 -22"><span class='ocrx_word' id='word_1_204' title='bbox 115 2236 279 2298; x_wconf 89' lang='lat' dir='ltr'>dissimulat</span> <span class='ocrx_word' id='word_1_205' title='bbox 299 2255 330 2297; x_wconf 90' lang='lat' dir='ltr'>se</span> <span class='ocrx_word' id='word_1_206' title='bbox 349 2237 480 2320; x_wconf 86' lang='lat' dir='ltr'>accipere</span> <span class='ocrx_word' id='word_1_207' title='bbox 503 2237 631 2298; x_wconf 87' lang='lat' dir='ltr'>voluisse</span> <span class='ocrx_word' id='word_1_208' title='bbox 650 2244 679 2297; x_wconf 88' lang='lat' dir='ltr'>et</span> <span class='ocrx_word' id='word_1_209' title='bbox 699 2237 824 2297; x_wconf 88' lang='lat' dir='ltr'>maxime</span> <span class='ocrx_word' id='word_1_210' title='bbox 851 2237 881 2296; x_wconf 94' lang='lat' dir='ltr'>in</span> <span class='ocrx_word' id='word_1_211' title='bbox 900 2237 1033 2315; x_wconf 89' lang='lat' dir='ltr'>pecuniis</span> <span class='ocrx_word' id='word_1_212' title='bbox 1059 2237 1175 2298; x_wconf 87' lang='lat' dir='ltr'>creditis</span> 
     </span>
     <span class='ocr_line' id='line_1_24' title="bbox 116 2321 1175 2398; baseline -0.001 -15"><span class='ocrx_word' id='word_1_213' title='bbox 116 2322 243 2383; x_wconf 83' lang='lat' dir='ltr'>occultat</span> <span class='ocrx_word' id='word_1_214' title='bbox 262 2339 349 2381; x_wconf 87' lang='lat' dir='ltr'>suurn</span> <span class='ocrx_word' id='word_1_215' title='bbox 370 2321 520 2398; x_wconf 83' lang='lat' dir='ltr'>gaudium,</span> <span class='ocrx_word' id='word_1_216' title='bbox 544 2340 581 2383; x_wconf 94' lang='lat' dir='ltr'>ne</span> <span class='ocrx_word' id='word_1_217' title='bbox 600 2321 729 2383; x_wconf 89' lang='lat' dir='ltr'>rideatur</span> <span class='ocrx_word' id='word_1_218' title='bbox 748 2338 809 2382; x_wconf 91' lang='lat' dir='ltr'>non</span> <span class='ocrx_word' id='word_1_219' title='bbox 836 2321 926 2382; x_wconf 88' lang='lat' dir='ltr'>luisse</span> <span class='ocrx_word' id='word_1_220' title='bbox 952 2321 1103 2382; x_wconf 88' lang='lat' dir='ltr'>solvende.</span> <span class='ocrx_word' id='word_1_221' title='bbox 1137 2322 1175 2382; x_wconf 79' lang='lat' dir='ltr'>At</span> 
     </span>
     <span class='ocr_line' id='line_1_25' title="bbox 115 2403 1173 2486; baseline 0.002 -22"><span class='ocrx_word' id='word_1_222' title='bbox 115 2423 188 2466; x_wconf 82' lang='lat' dir='ltr'>vero</span> <span class='ocrx_word' id='word_1_223' title='bbox 203 2403 257 2478; x_wconf 84' lang='lat' dir='ltr'>ille,</span> <span class='ocrx_word' id='word_1_224' title='bbox 266 2405 322 2484; x_wconf 87' lang='lat' dir='ltr'>qui</span> <span class='ocrx_word' id='word_1_225' title='bbox 339 2405 448 2484; x_wconf 88' lang='lat' dir='ltr'>aceepit</span> <span class='ocrx_word' id='word_1_226' title='bbox 462 2405 605 2480; x_wconf 87' lang='lat' dir='ltr'>iniuriam,</span> <span class='ocrx_word' id='word_1_227' title='bbox 622 2414 650 2468; x_wconf 94' lang='lat' dir='ltr'>et</span> <span class='ocrx_word' id='word_1_228' title='bbox 662 2406 795 2468; x_wconf 87' lang='lat' dir='ltr'>meminit</span> <span class='ocrx_word' id='word_1_229' title='bbox 807 2413 835 2466; x_wconf 90' lang='grc' dir='ltr'>θῖ</span> <span class='ocrx_word' id='word_1_230' title='bbox 846 2425 915 2486; x_wconf 90' lang='lat' dir='ltr'>prae</span> <span class='ocrx_word' id='word_1_231' title='bbox 928 2425 960 2466; x_wconf 92' lang='lat' dir='ltr'>se</span> <span class='ocrx_word' id='word_1_232' title='bbox 972 2409 1027 2467; x_wconf 85' lang='lat' dir='ltr'>lert</span> <span class='ocrx_word' id='word_1_233' title='bbox 1042 2405 1173 2467; x_wconf 90' lang='lat' dir='ltr'>dolorem</span> 
     </span>
     <span class='ocr_line' id='line_1_26' title="bbox 118 2489 1174 2572; baseline 0 -20"><span class='ocrx_word' id='word_1_234' title='bbox 118 2508 220 2562; x_wconf 87' lang='lat' dir='ltr'>suum,</span> <span class='ocrx_word' id='word_1_235' title='bbox 237 2506 306 2564; x_wconf 91' lang='lat' dir='ltr'>nec,</span> <span class='ocrx_word' id='word_1_236' title='bbox 328 2489 352 2550; x_wconf 89' lang='lat' dir='ltr'>si</span> <span class='ocrx_word' id='word_1_237' title='bbox 366 2489 464 2569; x_wconf 91' lang='lat' dir='ltr'>plures</span> <span class='ocrx_word' id='word_1_238' title='bbox 481 2499 550 2552; x_wconf 90' lang='lat' dir='ltr'>sunt</span> <span class='ocrx_word' id='word_1_239' title='bbox 564 2491 597 2566; x_wconf 92' lang='lat' dir='ltr'>ii,</span> <span class='ocrx_word' id='word_1_240' title='bbox 618 2492 724 2572; x_wconf 88' lang='lat' dir='ltr'>quibus</span> <span class='ocrx_word' id='word_1_241' title='bbox 739 2492 874 2572; x_wconf 90' lang='lat' dir='ltr'>improbe</span> <span class='ocrx_word' id='word_1_242' title='bbox 890 2491 989 2553; x_wconf 92' lang='lat' dir='ltr'>datum</span> <span class='ocrx_word' id='word_1_243' title='bbox 1005 2499 1064 2564; x_wconf 88' lang='lat' dir='ltr'>est,</span> <span class='ocrx_word' id='word_1_244' title='bbox 1086 2509 1174 2571; x_wconf 74' lang='lat' dir='ltr'>&lt;pram</span> 
     </span>
     <span class='ocr_line' id='line_1_27' title="bbox 114 2574 1174 2658; baseline -0.002 -20"><span class='ocrx_word' id='word_1_245' title='bbox 114 2575 163 2648; x_wconf 89' lang='lat' dir='ltr'>illi,</span> <span class='ocrx_word' id='word_1_246' title='bbox 180 2574 285 2655; x_wconf 88' lang='lat' dir='ltr'>quibus</span> <span class='ocrx_word' id='word_1_247' title='bbox 301 2575 407 2636; x_wconf 87' lang='lat' dir='ltr'>iniuste</span> <span class='ocrx_word' id='word_1_248' title='bbox 423 2576 590 2656; x_wconf 89' lang='lat' dir='ltr'>ademptum</span> <span class='ocrx_word' id='word_1_249' title='bbox 606 2586 659 2651; x_wconf 89' lang='lat' dir='ltr'>est,</span> <span class='ocrx_word' id='word_1_250' title='bbox 675 2577 783 2640; x_wconf 92' lang='lat' dir='ltr'>idcirco</span> <span class='ocrx_word' id='word_1_251' title='bbox 796 2578 862 2658; x_wconf 91' lang='lat' dir='ltr'>plus</span> <span class='ocrx_word' id='word_1_252' title='bbox 875 2577 962 2638; x_wconf 90' lang='lat' dir='ltr'>etiam</span> <span class='ocrx_word' id='word_1_253' title='bbox 978 2577 1079 2637; x_wconf 90' lang='lat' dir='ltr'>valent.</span> <span class='ocrx_word' id='word_1_254' title='bbox 1106 2577 1174 2638; x_wconf 91' lang='lat' dir='ltr'>Non</span> 
     </span>
     <span class='ocr_line' id='line_1_28' title="bbox 115 2661 1174 2744; baseline -0.002 -20"><span class='ocrx_word' id='word_1_255' title='bbox 115 2661 194 2724; x_wconf 87' lang='lat' dir='ltr'>enim</span> <span class='ocrx_word' id='word_1_256' title='bbox 209 2678 334 2722; x_wconf 89' lang='lat' dir='ltr'>numero</span> <span class='ocrx_word' id='word_1_257' title='bbox 350 2661 421 2722; x_wconf 91' lang='lat' dir='ltr'>haec</span> <span class='ocrx_word' id='word_1_258' title='bbox 440 2661 611 2738; x_wconf 87' lang='lat' dir='ltr'>iudicantur,</span> <span class='ocrx_word' id='word_1_259' title='bbox 627 2663 678 2724; x_wconf 91' lang='lat' dir='ltr'>sed</span> <span class='ocrx_word' id='word_1_260' title='bbox 693 2664 833 2744; x_wconf 88' lang='lat' dir='ltr'>pondere.</span> <span class='ocrx_word' id='word_1_261' title='bbox 865 2664 959 2736; x_wconf 88' lang='lat' dir='ltr'>Quam</span> <span class='ocrx_word' id='word_1_262' title='bbox 975 2669 1070 2723; x_wconf 87' lang='lat' dir='ltr'>autem</span> <span class='ocrx_word' id='word_1_263' title='bbox 1086 2662 1174 2723; x_wconf 92' lang='lat' dir='ltr'>habet</span> 
     </span>
    </p>
   </div>
   <div class='ocr_carea' id='block_1_3' title="bbox 87 2863 1173 4021">
    <p class='ocr_par' dir='ltr' id='par_1_4' title="bbox 87 2863 1173 4021">
     <span class='ocr_line' id='line_1_29' title="bbox 148 2863 1173 2933; baseline 0.001 -19"><span class='ocrx_word' id='word_1_264' title='bbox 148 2863 247 2915; x_wconf 78' lang='lat' dir='ltr'>ltabbm</span> <span class='ocrx_word' id='word_1_265' title='bbox 260 2879 361 2916; x_wconf 69' lang='lat' dir='ltr'>ornare.</span> <span class='ocrx_word' id='word_1_266' title='bbox 385 2863 410 2914; x_wconf 90' lang='lat' dir='ltr'>ln</span> <span class='ocrx_word' id='word_1_267' title='bbox 424 2865 616 2928; x_wconf 85' lang='lat' dir='ltr'>Bezugauldie</span> <span class='ocrx_word' id='word_1_268' title='bbox 670 2867 852 2918; x_wconf 87' lang='lat' dir='ltr'>kamenesund</span> <span class='ocrx_word' id='word_1_269' title='bbox 866 2864 1009 2933; x_wconf 81' lang='lat' dir='ltr'>Tbeopomp</span> <span class='ocrx_word' id='word_1_270' title='bbox 1026 2866 1106 2918; x_wconf 86' lang='lat' dir='ltr'>sollen</span> <span class='ocrx_word' id='word_1_271' title='bbox 1120 2865 1173 2916; x_wconf 89' lang='lat' dir='ltr'>dies</span> 
     </span>
     <span class='ocr_line' id='line_1_30' title="bbox 113 2931 995 2996; baseline 0.001 -13"><span class='ocrx_word' id='word_1_272' title='bbox 113 2931 295 2996; x_wconf 79' lang='lat' dir='ltr'>liunstwerke,</span> <span class='ocrx_word' id='word_1_273' title='bbox 320 2933 414 2983; x_wconf 88' lang='lat' dir='ltr'>welche</span> <span class='ocrx_word' id='word_1_274' title='bbox 437 2935 513 2984; x_wconf 88' lang='lat' dir='ltr'>durch</span> <span class='ocrx_word' id='word_1_275' title='bbox 535 2933 616 2984; x_wconf 90' lang='lat' dir='ltr'>Mum·</span> <span class='ocrx_word' id='word_1_276' title='bbox 672 2935 766 2986; x_wconf 87' lang='lat' dir='ltr'>Orakcl</span> <span class='ocrx_word' id='word_1_277' title='bbox 780 2935 893 2985; x_wconf 86' lang='lat' dir='ltr'>erbalten</span> <span class='ocrx_word' id='word_1_278' title='bbox 906 2935 995 2986; x_wconf 89' lang='lat' dir='ltr'>haben.</span> 
     </span>
     <span class='ocr_line' id='line_1_31' title="bbox 113 2970 1173 3098; baseline 0.001 -48"><span class='ocrx_word' id='word_1_279' title='bbox 113 3001 175 3051; x_wconf 78' lang='lat' dir='ltr'>nnius</span> <span class='ocrx_word' id='word_1_280' title='bbox 193 3002 254 3050; x_wconf 88' lang='lat' dir='ltr'>nach</span> <span class='ocrx_word' id='word_1_281' title='bbox 271 2970 335 3054; x_wconf 67' lang='lat' dir='ltr'>R&#39;om</span> <span class='ocrx_word' id='word_1_282' title='bbox 354 3001 457 3065; x_wconf 85' lang='lat' dir='ltr'>lamen,</span> <span class='ocrx_word' id='word_1_283' title='bbox 479 3009 536 3066; x_wconf 82' lang='lat' dir='ltr'>sagt</span> <span class='ocrx_word' id='word_1_284' title='bbox 553 3002 616 3053; x_wconf 88' lang='lat' dir='ltr'>Plio.</span> <span class='ocrx_word' id='word_1_285' title='bbox 705 3003 745 3054; x_wconf 82' lang='grc'>78.</span> <span class='ocrx_word' id='word_1_286' title='bbox 764 3021 796 3070; x_wconf 79' lang='lat' dir='ltr'>eg</span> <span class='ocrx_word' id='word_1_287' title='bbox 797 3005 965 3056; x_wconf 65' lang='lat' dir='ltr'>rememrem</span> <span class='ocrx_word' id='word_1_288' title='bbox 977 3006 1114 3098; x_wconf 78' lang='lat' dir='ltr'>temptant:</span> <span class='ocrx_word' id='word_1_289' title='bbox 1128 3002 1173 3052; x_wconf 88' lang='lat' dir='ltr'>dor</span> 
     </span>
     <span class='ocr_line' id='line_1_32' title="bbox 113 3039 1173 3134; baseline 0 -14"><span class='ocrx_word' id='word_1_290' title='bbox 113 3067 234 3133; x_wconf 84' lang='lat' dir='ltr'>XXXIV,</span> <span class='ocrx_word' id='word_1_291' title='bbox 254 3069 277 3131; x_wconf 87' lang='grc'>7,</span> <span class='ocrx_word' id='word_1_292' title='bbox 298 3070 328 3118; x_wconf 82' lang='lat'>17</span> <span class='ocrx_word' id='word_1_293' title='bbox 351 3039 493 3120; x_wconf 72' lang='lat' dir='ltr'>Memmius</span> <span class='ocrx_word' id='word_1_294' title='bbox 518 3069 617 3120; x_wconf 80' lang='lat' dir='ltr'>deec&#39;ota</span> <span class='ocrx_word' id='word_1_295' title='bbox 671 3073 791 3123; x_wconf 87' lang='lat' dir='ltr'>stehende</span> <span class='ocrx_word' id='word_1_296' title='bbox 815 3072 949 3122; x_wconf 72' lang='lat' dir='ltr'>Ausdruclr</span> <span class='ocrx_word' id='word_1_297' title='bbox 972 3071 1014 3121; x_wconf 78' lang='lat' dir='ltr'>liir</span> <span class='ocrx_word' id='word_1_298' title='bbox 1036 3071 1173 3134; x_wconf 20' lang='lat' dir='ltr'>&amp;Aekcrge</span> 
     </span>
     <span class='ocr_line' id='line_1_33' title="bbox 115 3106 1066 3206; baseline 0.003 -19"><span class='ocrx_word' id='word_1_299' title='bbox 115 3139 211 3187; x_wconf 76' lang='lat' dir='ltr'>Achaia</span> <span class='ocrx_word' id='word_1_300' title='bbox 222 3106 328 3206; x_wconf 64' lang='lat' dir='ltr'>repient</span> <span class='ocrx_word' id='word_1_301' title='bbox 338 3139 427 3200; x_wconf 67' lang='lat' dir='ltr'>tardem</span> <span class='ocrx_word' id='word_1_302' title='bbox 443 3155 494 3190; x_wconf 83' lang='lat' dir='ltr'>nen</span> <span class='ocrx_word' id='word_1_303' title='bbox 511 3138 615 3189; x_wconf 80' lang='lat' dir='ltr'>relicto·</span> <span class='ocrx_word' id='word_1_304' title='bbox 671 3141 760 3191; x_wconf 86' lang='lat' dir='ltr'>setze&#39;</span> <span class='ocrx_word' id='word_1_305' title='bbox 754 3157 778 3190; x_wconf 89' lang='lat' dir='ltr'>rn</span> <span class='ocrx_word' id='word_1_306' title='bbox 793 3140 934 3203; x_wconf 85' lang='lat' dir='ltr'>Vorscblag</span> <span class='ocrx_word' id='word_1_307' title='bbox 945 3137 1066 3203; x_wconf 81' lang='lat' dir='ltr'>bringen&#39;.</span> 
     </span>
     <span class='ocr_line' id='line_1_34' title="bbox 115 3204 1172 3276; baseline 0 -20"><span class='ocrx_word' id='word_1_308' title='bbox 115 3221 161 3256; x_wconf 83' lang='lat' dir='ltr'>ree</span> <span class='ocrx_word' id='word_1_309' title='bbox 170 3204 242 3271; x_wconf 80' lang='lat' dir='ltr'>filiae</span> <span class='ocrx_word' id='word_1_310' title='bbox 254 3204 346 3256; x_wconf 85' lang='lat' dir='ltr'>dotem</span> <span class='ocrx_word' id='word_1_311' title='bbox 701 3223 867 3276; x_wconf 75' lang='lat' dir='ltr'>possessores</span> <span class='ocrx_word' id='word_1_312' title='bbox 890 3208 945 3257; x_wconf 90' lang='lat' dir='ltr'>sind</span> <span class='ocrx_word' id='word_1_313' title='bbox 965 3209 1033 3258; x_wconf 87' lang='lat' dir='ltr'>nicht</span> <span class='ocrx_word' id='word_1_314' title='bbox 1049 3206 1172 3269; x_wconf 79' lang='lat' dir='ltr'>Besitzcr,</span> 
     </span>
     <span class='ocr_line' id='line_1_35' title="bbox 87 3273 1171 3338; baseline 0.003 -17"><span class='ocrx_word' id='word_1_315' title='bbox 87 3305 91 3310; x_wconf 81' lang='lat'>.</span> <span class='ocrx_word' id='word_1_316' title='bbox 149 3287 254 3338; x_wconf 73' lang='lat' dir='ltr'>egresse</span> <span class='ocrx_word' id='word_1_317' title='bbox 277 3277 328 3336; x_wconf 85' lang='lat' dir='ltr'>eet,</span> <span class='ocrx_word' id='word_1_318' title='bbox 361 3273 544 3338; x_wconf 78' lang='lat' dir='ltr'>abgesehweilt</span> <span class='ocrx_word' id='word_1_319' title='bbox 574 3275 615 3324; x_wconf 86' lang='lat' dir='ltr'>ist.</span> <span class='ocrx_word' id='word_1_320' title='bbox 670 3277 778 3326; x_wconf 88' lang='lat' dir='ltr'>sondern</span> <span class='ocrx_word' id='word_1_321' title='bbox 800 3275 905 3325; x_wconf 88' lang='lat' dir='ltr'>lnbabcr</span> <span class='ocrx_word' id='word_1_322' title='bbox 925 3291 974 3326; x_wconf 92' lang='lat' dir='ltr'>von</span> <span class='ocrx_word' id='word_1_323' title='bbox 996 3275 1171 3326; x_wconf 77' lang='lat' dir='ltr'>Staatsliinde-</span> 
     </span>
     <span class='ocr_line' id='line_1_36' title="bbox 116 3338 1171 3478; baseline 0.002 -20"><span class='ocrx_word' id='word_1_324' title='bbox 116 3310 616 3526; x_wconf 49' lang='lat' dir='ltr'>andbubrbieirieiniiirbbiibeitiqbaitabigis</span> <span class='ocrx_word' id='word_1_325' title='bbox 670 3343 1011 3478; x_wconf 59' lang='lat' dir='ltr'>Pebibitistrientiiiiede&#39;ttae</span> <span class='ocrx_word' id='word_1_326' title='bbox 972 3416 1011 3462; x_wconf 87' lang='lat' dir='ltr'>eet</span> <span class='ocrx_word' id='word_1_327' title='bbox 1012 3449 1031 3477; x_wconf 88' lang='lat'>.,</span> <span class='ocrx_word' id='word_1_328' title='bbox 1053 3412 1097 3460; x_wconf 87' lang='lat' dir='ltr'>das</span> <span class='ocrx_word' id='word_1_329' title='bbox 1115 3411 1171 3460; x_wconf 89' lang='lat' dir='ltr'>sind</span> 
     </span>
     <span class='ocr_line' id='line_1_37' title="bbox 117 3477 950 3544; baseline 0.001 -16"><span class='ocrx_word' id='word_1_330' title='bbox 117 3480 267 3544; x_wconf 76' lang='lat' dir='ltr'>umaopeee</span> <span class='ocrx_word' id='word_1_331' title='bbox 283 3482 413 3541; x_wconf 82' lang='lat' dir='ltr'>tractarit,</span> <span class='ocrx_word' id='word_1_332' title='bbox 431 3481 463 3529; x_wconf 85' lang='lat' dir='ltr'>ot</span> <span class='ocrx_word' id='word_1_333' title='bbox 478 3477 615 3544; x_wconf 59' lang='lat' dir='ltr'>egredere·</span> <span class='ocrx_word' id='word_1_334' title='bbox 670 3477 895 3544; x_wconf 76' lang='lat' dir='ltr'>tabulcenooee§.</span> <span class='ocrx_word' id='word_1_335' title='bbox 909 3480 950 3530; x_wconf 88' lang='grc'>84.</span> 
     </span>
     <span class='ocr_line' id='line_1_38' title="bbox 117 3545 1169 3614; baseline 0.001 -18"><span class='ocrx_word' id='word_1_336' title='bbox 117 3550 157 3596; x_wconf 83' lang='lat' dir='ltr'>ter</span> <span class='ocrx_word' id='word_1_337' title='bbox 179 3561 196 3595; x_wconf 84' lang='lat' dir='ltr'>a</span> <span class='ocrx_word' id='word_1_338' title='bbox 240 3549 353 3614; x_wconf 81' lang='lat' dir='ltr'>reposito</span> <span class='ocrx_word' id='word_1_339' title='bbox 385 3545 495 3598; x_wconf 79' lang='lat' dir='ltr'>ornandi</span> <span class='ocrx_word' id='word_1_340' title='bbox 528 3562 614 3597; x_wconf 82' lang='lat' dir='ltr'>cauea.</span> <span class='ocrx_word' id='word_1_341' title='bbox 703 3547 743 3596; x_wconf 81' lang='lat'>79.</span> <span class='ocrx_word' id='word_1_342' title='bbox 773 3546 892 3598; x_wconf 81' lang='lat' dir='ltr'>solvende</span> <span class='ocrx_word' id='word_1_343' title='bbox 914 3565 982 3598; x_wconf 79' lang='lat' dir='ltr'>esee:</span> <span class='ocrx_word' id='word_1_344' title='bbox 1007 3564 1063 3598; x_wconf 83' lang='lat' dir='ltr'>esee</span> <span class='ocrx_word' id='word_1_345' title='bbox 1082 3548 1125 3597; x_wconf 89' lang='lat' dir='ltr'>hat</span> <span class='ocrx_word' id='word_1_346' title='bbox 1145 3549 1169 3598; x_wconf 89' lang='lat' dir='ltr'>in</span> 
     </span>
     <span class='ocr_line' id='line_1_39' title="bbox 116 3561 1169 3695; baseline 0.003 -32.058"><span class='ocrx_word' id='word_1_347' title='bbox 116 3613 195 3680; x_wconf 76' lang='lat' dir='ltr'>Quint.</span> <span class='ocrx_word' id='word_1_348' title='bbox 209 3561 276 3678; x_wconf 40' lang='grc' dir='ltr'>ἡ,</span> <span class='ocrx_word' id='word_1_349' title='bbox 296 3613 326 3662; x_wconf 83' lang='lat'>12</span> <span class='ocrx_word' id='word_1_350' title='bbox 344 3616 408 3666; x_wconf 80' lang='lat' dir='ltr'>dane</span> <span class='ocrx_word' id='word_1_351' title='bbox 419 3617 522 3695; x_wconf 83' lang='lat' dir='ltr'>partem</span> <span class='ocrx_word' id='word_1_352' title='bbox 540 3630 614 3684; x_wconf 81' lang='grc' dir='ltr'><strong><em>παρ·</em></strong></span> <span class='ocrx_word' id='word_1_353' title='bbox 669 3615 752 3666; x_wconf 81' lang='lat' dir='ltr'>dieser</span> <span class='ocrx_word' id='word_1_354' title='bbox 761 3614 902 3666; x_wconf 86' lang='lat' dir='ltr'>Redensart</span> <span class='ocrx_word' id='word_1_355' title='bbox 913 3615 952 3665; x_wconf 88' lang='lat' dir='ltr'>die</span> <span class='ocrx_word' id='word_1_356' title='bbox 963 3616 1109 3679; x_wconf 83' lang='lat' dir='ltr'>Bedeutung</span> <span class='ocrx_word' id='word_1_357' title='bbox 1119 3632 1169 3666; x_wconf 88' lang='lat' dir='ltr'>von</span> 
     </span>
     <span class='ocr_line' id='line_1_40' title="bbox 117 3631 1170 3751; baseline 0.002 -20"><span class='ocrx_word' id='word_1_358' title='bbox 117 3682 225 3747; x_wconf 72' lang='grc' dir='ltr'><em>ἔκβασιν</em></span> <span class='ocrx_word' id='word_1_359' title='bbox 261 3687 352 3734; x_wconf 84' lang='lat' dir='ltr'>etoceo</span> <span class='ocrx_word' id='word_1_360' title='bbox 341 3681 489 3744; x_wconf 77' lang='lat' dir='ltr'>tGraeca&#39;,</span> <span class='ocrx_word' id='word_1_361' title='bbox 528 3631 617 3733; x_wconf 80' lang='lat' dir='ltr'>Latini</span> <span class='ocrx_word' id='word_1_362' title='bbox 665 3700 832 3751; x_wconf 73' lang='lat' dir='ltr'>parmnesse,</span> <span class='ocrx_word' id='word_1_363' title='bbox 845 3683 1015 3751; x_wconf 76' lang='lat' dir='ltr'>wieiuoneri,</span> <span class='ocrx_word' id='word_1_364' title='bbox 1028 3685 1170 3749; x_wconf 76' lang='lat' dir='ltr'>honorife-</span> 
     </span>
     <span class='ocr_line' id='line_1_41' title="bbox 117 3749 1168 3832; baseline 0.002 -32"><span class='ocrx_word' id='word_1_365' title='bbox 117 3749 489 3832; x_wconf 76' lang='lat' dir='ltr'>egreaeumoelegreesionem.</span> <span class='ocrx_word' id='word_1_366' title='bbox 667 3753 747 3803; x_wconf 80' lang='lat' dir='ltr'>rende</span> <span class='ocrx_word' id='word_1_367' title='bbox 760 3769 878 3802; x_wconf 80' lang='lat' dir='ltr'>esee—</span> <span class='ocrx_word' id='word_1_368' title='bbox 898 3753 1020 3822; x_wconf 80' lang='lat' dir='ltr'>pondere,</span> <span class='ocrx_word' id='word_1_369' title='bbox 1040 3752 1089 3800; x_wconf 91' lang='lat' dir='ltr'>d.i.</span> <span class='ocrx_word' id='word_1_370' title='bbox 1108 3753 1168 3802; x_wconf 87' lang='lat' dir='ltr'>nach</span> 
     </span>
     <span class='ocr_line' id='line_1_42' title="bbox 116 3814 1169 3952; baseline 0.002 -16"><span class='ocrx_word' id='word_1_371' title='bbox 116 3817 332 3952; x_wconf 55' lang='lat' dir='ltr'>zal‘llllb&#39;le&#39;.</span> <span class='ocrx_word' id='word_1_372' title='bbox 331 3814 614 3937; x_wconf 57' lang='lat' dir='ltr'>letitabat</span> <span class='ocrx_word' id='word_1_373' title='bbox 668 3819 1083 3952; x_wconf 52' lang='lat' dir='ltr'>tutttttltlttttt</span> <span class='ocrx_word' id='word_1_374' title='bbox 1086 3885 1169 3940; x_wconf 60' lang='lat' dir='ltr'>oen„</span> 
     </span>
     <span class='ocr_line' id='line_1_43' title="bbox 116 3945 1170 4021; baseline 0.003 -18"><span class='ocrx_word' id='word_1_375' title='bbox 116 3953 242 4004; x_wconf 84' lang='lat' dir='ltr'>instLec.</span> <span class='ocrx_word' id='word_1_376' title='bbox 252 3970 276 4020; x_wconf 91' lang='lat' dir='ltr'>p.</span> <span class='ocrx_word' id='word_1_377' title='bbox 286 3945 372 4004; x_wconf 77' lang='lat' dir='ltr'>239F.</span> <span class='ocrx_word' id='word_1_378' title='bbox 395 3952 551 4014; x_wconf 80' lang='lat' dir='ltr'>Diellb&#39;nige</span> <span class='ocrx_word' id='word_1_379' title='bbox 569 3953 614 4004; x_wconf 86' lang='lat' dir='ltr'>Al-</span> <span class='ocrx_word' id='word_1_380' title='bbox 668 3957 708 4006; x_wconf 88' lang='lat' dir='ltr'>die</span> <span class='ocrx_word' id='word_1_381' title='bbox 732 3955 873 4021; x_wconf 86' lang='lat' dir='ltr'>Optimateu</span> <span class='ocrx_word' id='word_1_382' title='bbox 903 3956 949 4005; x_wconf 88' lang='lat' dir='ltr'>den</span> <span class='ocrx_word' id='word_1_383' title='bbox 974 3955 1071 4020; x_wconf 80' lang='lat' dir='ltr'>Autrag</span> <span class='ocrx_word' id='word_1_384' title='bbox 1099 3955 1170 4008; x_wconf 88' lang='lat' dir='ltr'>einer</span> 
     </span>
    </p>
   </div>
   <div class='ocr_carea' id='block_1_4' title="bbox 337 4129 455 4162">
    <p class='ocr_par' dir='ltr' id='par_1_5' title="bbox 337 4129 455 4162">
     <span class='ocr_line' id='line_1_44' title="bbox 337 4129 455 4162; baseline 0.017 -2"><span class='ocrx_word' id='word_1_385' title='bbox 337 4146 344 4160; x_wconf 75' lang='grc'><strong>.</strong></span> <span class='ocrx_word' id='word_1_386' title='bbox 440 4129 455 4162; x_wconf 55' lang='grc' dir='ltr'><strong>Ν</strong></span> 
     </span>
    </p>
   </div>
   <div class='ocr_carea' id='block_1_5' title="bbox 0 0 1377 4484">
    <p class='ocr_par' dir='ltr' id='par_1_6' title="bbox 0 0 1377 4484">
     <span class='ocr_line' id='line_1_45' title="bbox 0 0 1377 4484; baseline 0 0"><span class='ocrx_word' id='word_1_387' title='bbox 0 0 1377 4484; x_wconf 95' lang='lat' dir='ltr'> </span> 
     </span>
    </p>
   </div>
  </div>
 </body>
</html>
