2774 4482
195 263 236 342 35
370 287 371 292 Ν
625 272 669 322 uu
688 271 826 326 carious
864 263 868 270 ’
925 330 927 334 s

194 430 271 504 nesti
290 428 384 500 vides,
406 425 534 506 ‘quaesi
555 425 647 487 oculis
668 434 848 497 cerneretur,
869 424 1014 488 mirabiles
1031 423 1157 487 amores'
1171 432 1204 486 ut
1219 423 1261 487 ait

194 516 278 578 Plato
295 512 445 575 ‘excitaret'
463 510 661 591 [sapientiael.
693 511 751 574 Sed
767 528 868 584 omne,
884 511 965 589 quod
980 517 1025 571 est
1038 510 1212 583 honestum,
1227 511 1259 572 id

112 613 114 616 ·
197 607 336 680 quattuor
359 596 487 678 partium
512 596 605 657 oritur
628 596 790 676 exaliqua:
824 596 884 656 Aut
903 595 982 656 enim
1001 595 1032 656 iu
1051 595 1259 675 perspicientia

194 683 255 746 veri
275 683 459 761 sollertiaque
479 688 610 742 versatur
630 689 679 742 aut
698 681 729 742 in
748 680 904 742 hominum
926 680 1063 743 societate
1081 680 1190 742 tuenda
1206 681 1261 742 tri·

195 769 372 848 huendoque
387 785 474 828 suum
489 767 594 846 cuique
609 774 638 828 et
651 785 753 828 rerum
768 773 985 828 contractarum
1000 766 1057 827 lide
1068 776 1118 826 aut
1128 766 1158 826 in
1170 765 1262 826 animi

197 853 302 915 excelsi
316 860 402 932 atque
416 851 513 912 invicti
528 851 728 929 magnitudine
743 871 776 913 ac
789 851 897 912 robore
913 850 1007 913 autin
1023 850 1170 924 omnium,
1185 869 1260 929 quae

195 939 271 998 liunt
290 956 421 1016 quaeque
438 936 592 1008 dicuntur,
614 937 715 998 ordine
735 944 764 998 et
778 936 884 1009 modo,
903 936 934 996 in
949 955 1007 1015 quo
1023 935 1100 996 inest
1114 935 1261 996 modestia

149 1035 179 1084 15
197 1030 226 1084 et
244 1021 444 1101 temperantia.
475 1022 556 1094 Quae
575 1029 712 1100 quattuor
731 1039 909 1101 quamquam
929 1021 1005 1082 inter
1021 1040 1053 1082 se
1068 1021 1199 1099 colligata
1215 1027 1260 1082 al-

197 1125 255 1187 que
270 1107 428 1186 implicata
445 1115 528 1180 sunt,
555 1115 653 1167 tamen
673 1127 709 1168 ex
729 1107 852 1184 singulis
873 1113 949 1167 certa
969 1105 1134 1166 ciliciorum
1154 1123 1261 1184 genera

196 1198 372 1264 nascuntur,
393 1191 469 1252 velut
490 1210 526 1252 ex
544 1209 578 1251 ea
596 1199 693 1270 parte,
715 1209 788 1270 quae
803 1191 898 1271 prima
914 1189 1062 1269 descripta
1077 1198 1135 1263 est,
1157 1190 1260 1270 inqua

197 1276 371 1356 sapientiam
385 1284 414 1336 et
427 1275 612 1354 prudentiam
626 1276 780 1354 ponimus,
802 1277 879 1338 inest
892 1274 1040 1354 indagatio
1056 1281 1141 1354 atque
1156 1275 1260 1336 iuven-

148 1371 179 1421 16
196 1361 237 1423 tio
253 1361 323 1434 veri,
339 1361 459 1439 eiusque
471 1359 585 1421 virtutis
597 1361 656 1421 hoc
666 1379 775 1423 munus
786 1368 834 1422 est
843 1360 1008 1440 proprium.
1036 1360 1074 1421 Ut
1086 1361 1164 1421 enim
1177 1361 1259 1440 quis-

198 1464 253 1525 que
273 1445 397 1506 maxime
416 1444 558 1523 perspicit
573 1445 643 1524 quid
657 1445 688 1506 in
702 1465 734 1506 re
750 1465 864 1526 quaque
878 1445 1064 1506 verissimum
1081 1445 1131 1518 sit,
1153 1445 1260 1526 quique

198 1529 366 1592 acutissime
380 1539 408 1590 et
424 1529 572 1591 celerrime
586 1537 685 1608 potest
700 1539 728 1592 et
742 1531 838 1593 videre
853 1538 882 1592 et
896 1530 1039 1610 explicare
1054 1530 1213 1602 rationem,
1234 1530 1259 1591 is

149 1628 179 1677 17
198 1614 446 1694 prudentissimus
473 1621 502 1675 et
528 1615 765 1693 sapientissimus
791 1616 845 1676 rite
870 1615 971 1676 haberi
999 1615 1081 1676 solet.
1118 1615 1260 1688 Quocirca

198 1699 266 1760 huic
281 1698 364 1778 quasi
379 1698 512 1772 materia,
530 1718 618 1778 quam
633 1707 735 1761 tractet
749 1708 778 1762 et
792 1699 823 1761 in
838 1719 894 1780 qua
909 1705 1054 1773 versetur,
1071 1699 1201 1761 subiecta
1215 1709 1260 1761 est

197 1783 313 1845 veritae.
343 1783 473 1863 Reliquis
493 1791 590 1844 autem
605 1783 698 1846 trihus
713 1784 867 1846 virtutibus
883 1785 1073 1846 necessitates
1089 1784 1260 1865 propositae

198 1876 267 1930 sunt
282 1868 318 1929 ad
333 1887 382 1930 eas
397 1887 446 1930 res
461 1870 607 1947 parandas
622 1871 812 1950 tuendasque,
828 1869 933 1950 quibus
950 1869 1024 1930 actio
1040 1870 1114 1931 vitae
1126 1871 1260 1931 contine-

233 2025 264 2072 ut
278 2021 316 2071 ait
333 2018 420 2071 Plato.-
436 2019 563 2070 Phaedrus
581 2037 604 2086 p.
618 2020 701 2071 2501]

199 2082 268 2154 ὄψις
283 2083 353 2157 ἡμῖν
374 2081 489 2152 ὀξυτάτη
506 2088 562 2138 τῶν
584 2083 631 2138 διὰ
652 2089 702 2154 τοι]

200 2151 331 2226 σώματος
355 2153 463 2222 ἔρχεται
484 2153 660 2220 αἰσθήσεων,
684 2155 700 2222 ἡ

199 2219 337 2310 φρόνησις
346 2221 400 2306 adq
410 2217 518 2292 (ipsisne,
529 2219 639 2279 δεινοὺς
646 2211 701 2292 adp

197 2307 232 2342 αν
242 2293 376 2360 παρεῖχεν
386 2305 493 2358 sparsus,
505 2293 564 2342 εἴτι
573 2293 703 2343 τοιοῦτον

178 2387 180 2389 -
198 2356 416 2438 ἕαυτῆςέναργὲς
425 2355 543 2409 εἴδωλον
552 2362 701 2428 παρείχετο

199 2427 238 2482 εἰς
250 2419 322 2492 ὄψιν
334 2427 387 2477 tou.
407 2429 536 2494 sapientia
548 2427 641 2478 kdnute
655 2442 704 2484 unr

196 2495 238 2544 die
251 2495 313 2543 noch
325 2494 371 2542 der
383 2493 556 2543 soleatisclren
569 2494 651 2544 Lchre
664 2495 702 2560 al·

198 2562 238 2611 lor
265 2559 370 2624 Tagend
399 2577 431 2610 zu
455 2559 557 2610 Grande
587 2562 702 2624 liegende

199 2629 326 2680 Weisheit
338 2629 392 2677 sein
405 2631 434 2693 (s.
445 2627 469 2692 §-
481 2628 548 2692 153),
562 2629 623 2678 doch
632 2630 702 2679 wilre

198 2697 244 2746 der
265 2695 411 2759 Ausdruclr,
436 2695 520 2745 ‘urenn
542 2697 581 2746 die
599 2695 703 2760 Tugend

200 2763 312 2814 sichtbar
322 2765 401 2826 wilre,
414 2764 501 2814 wiirde
514 2765 551 2814 sie
564 2765 619 2814 eine
632 2780 704 2814 wau-

199 2832 307 2881 dcrbare
316 2831 394 2882 Liebe
404 2847 450 2880 zur
459 2830 586 2883 Weisheit
596 2835 702 2883 hervor-

171 2919 173 2928 ·
200 2897 290 2960 rufen’,
304 2914 332 2947 so
345 2899 518 2962 ungcschickt‚
531 2900 589 2948 dass
602 2903 703 2967 sapten-

201 2969 238 3018 tia
249 2967 294 3017 mit
303 2965 383 3016 llecht
391 2967 533 3030 gastricheu
547 2967 618 3016 wird.
631 2967 702 3017 Auel

198 3035 240 3084 die
256 3034 447 3098 Uebersetzuug
468 3034 600 3085 dcrselben
623 3033 703 3086 Stella

200 3101 285 3152 defin.
299 3101 328 3165 ll,
343 3101 382 3165 16,
395 3101 427 3150 52
441 3117 517 3168 quam
527 3102 571 3152 uta
582 3102 703 3153 ardentes

200 3185 303 3220 amam
333 3171 461 3220 summast
500 3173 543 3220 sue·
582 3170 703 3236 besutigt

201 3237 264 3287 dics.

111 3329 115 3334 -
151 3361 155 3364 ,
236 3305 276 3354 15.
301 3321 383 3356 occea
400 3309 622 3374 parto—inest.-
646 3308 701 3358 ciue

200 3372 400 3436 Ungenauigleit
418 3374 462 3423 des
474 3372 634 3436 Ausdruclrs‚
651 3375 703 3424 wol

199 3441 345 3490 veraulasst
362 3442 439 3490 durch
451 3442 499 3490 den
512 3440 701 3493 Zwischcnsatz

199 3511 226 3558 in
238 3523 331 3575 qua—
341 3511 468 3576 patrimus,
481 3510 546 3560 deun
557 3511 619 3560 uach
629 3528 663 3561 ex
673 3527 703 3560 ea

217 3580 276 3627 acte
287 3575 362 3626 sollte
374 3576 458 3640 tolgan
470 3581 596 3628 mseitur.
617 3578 702 3627 Achn-

199 3591 250 3692 sieh
263 3641 303 3705 lll,
313 3644 335 3708 7,
350 3643 381 3692 33
395 3647 620 3713 europaeorum
631 3645 702 3696 ddsts

199 3738 235 3748 --
250 3715 316 3761 satas
327 3712 409 3763 multa
422 3718 561 3781 praecepta
575 3717 644 3777 suut,
661 3713 704 3762 liir

199 3783 538 3913 prqqeopqtqiqqqpqqqqnqt
548 3852 653 3914 quisque
670 3865 703 3898 zu

200 3913 370 3965 wiederholeu
393 3916 530 3966 ver'dndert
550 3914 601 3966 Cic.
623 3916 702 3966 unbe-

758 2022 868 2072 deutcnd
897 2021 936 2078 dic
958 2020 1148 2084 Construction,
1173 2023 1261 2072 waher

756 2090 821 2138 deun
837 2088 877 2138 dle
889 2088 966 2138 Form
983 2090 1027 2138 des
1039 2088 1195 2140 Nuohsatzes
1213 2105 1261 2139 nur

750 2156 1260 2273 dcmzlqveiteqrvordersatzeentspriclit3

758 2225 817 2287 νεὶ.γ
845 2224 890 2286 ,6,
923 2224 945 2276 l.

792 2291 831 2342 17.
851 2291 974 2354 Quocirca
984 2293 1055 2344 deae:
1073 2293 1137 2344 iiber
1147 2294 1187 2343 dic
1198 2292 1260 2343 llin-

756 2360 869 2422 tlreiluug
887 2361 933 2409 der
945 2359 1082 2424 'lugendeu
1101 2362 1126 2410 iu
1138 2360 1258 2411 theoreti-

755 2428 814 2476 sehc
827 2428 877 2477 und
888 2427 1031 2492 praktisclie
1044 2445 1064 2478 s.
1077 2429 1143 2479 Eiul.
1236 2441 1241 2448 ·

788 2497 956 2546 necessitates
976 2499 1127 2564 propositae
1146 2500 1208 2547 suat
1227 2496 1262 2547 ad

757 2578 801 2612 aas
813 2578 856 2613 res
870 2563 1002 2631 parandus
1020 2564 1188 2629 tuendusque,
1205 2566 1262 2630 qui·

756 2632 803 2681 dus
815 2633 880 2682 aetio
889 2635 954 2681 tutae
963 2634 1117 2680 castanetus:
1130 2631 1263 2681 vielleiclrt

756 2697 791 2747 ist
811 2697 880 2748 dlese
894 2696 1122 2759 Schwerl'alligleit
1139 2699 1188 2746 und
1207 2697 1260 2749 Un-

756 2765 867 2828 llarheit
890 2767 934 2816 des
958 2763 1103 2814 Ausdrucks
1128 2764 1173 2812 mit
1196 2778 1259 2813 ver-

757 2834 872 2884 selmldet
906 2833 984 2883 durch
1018 2831 1068 2880 Cic.
1101 2829 1258 2894 griechische

757 2899 856 2964 Qucllc.
877 2901 1012 2951 Eiuiaoher
1023 2900 1058 2957 ist
1069 2900 1099 2948 dc
1112 2905 1176 2964 part.
1192 2905 1257 2948 orat.

756 2967 797 3034 22,
807 2968 840 3018 76
853 2972 893 3018 cst
902 2971 985 3034 igitur
996 2970 1032 3018 ets
1043 2969 1145 3018 mat-utta
1155 2965 1259 3034 duplam,

755 3040 803 3087 aut
824 3039 891 3086 cuim
914 3039 1019 3087 euentu
1042 3039 1155 3087 cernitur
1177 3037 1262 3085 ta'rtus

756 3109 804 3155 aut
822 3108 929 3154 aetiana.
947 3133 981 3142 -
1001 3104 1074 3166 ¹Quae
1094 3103 1262 3154 moderandis

757 3172 937 3240 cupiditatibus
950 3173 1084 3239 laudatur,
1101 3199 1136 3208 -
1152 3173 1209 3222 eius
1221 3176 1264 3222 est

756 3251 852 3290 munus
870 3243 897 3290 iu
917 3240 1018 3306 wando
1038 3245 1085 3290 eet.
1118 3238 1180 3289 llier
1204 3245 1261 3304 sagi

756 3307 817 3371 Cic,
835 3307 883 3358 ‘die
896 3309 950 3372 daci
961 3311 1055 3358 anderu
1066 3307 1204 3371 Tagendcn
1217 3308 1261 3357 be·

756 3375 845 3424 ziehen
865 3375 917 3425 sich
935 3375 981 3426 aui
995 3378 1040 3425 das
1057 3375 1261 3426 Herbeischaffen

756 3444 807 3492 und
816 3443 939 3493 Erlialton
952 3445 997 3493 der
1010 3459 1066 3494 zum
1079 3443 1165 3492 Lebeu
1178 3444 1260 3494 notui-

756 3525 805 3572 geu
817 3510 919 3573 Dinge‘3
937 3511 1058 3560 wiihreud
1072 3511 1125 3561 dies
1138 3512 1200 3560 doch
1209 3527 1261 3561 nur

756 3593 806 3626 von
832 3579 878 3628 der
899 3576 1090 3642 Gerechtigleit
1113 3580 1163 3628 und
1187 3579 1261 3628 thell-

756 3646 835 3696 weise
856 3647 901 3695 der
919 3645 1080 3712 Grossmuth,
1102 3645 1260 3710 lreiueswegs

756 3728 806 3762 von
816 3714 965 3764 dervierten
973 3715 1079 3778 Tugcud
1089 3707 1260 3782 σωφροσύνη

756 3788 846 3844 gesagt
866 3783 965 3832 werden
987 3783 1061 3833 kann.
1095 3781 1260 3832 Andrerscits

756 3856 812 3913 sagi
825 3865 854 3899 er
866 3851 970 3916 spceiell
983 3865 1033 3900 von
1046 3850 1131 3899 dieser
1140 3863 1193 3913 aus,
1207 3864 1260 3900 was

754 3917 804 3966 alle
814 3919 868 3968 drei
878 3919 1040 3984 prulrtisclreu
1050 3916 1187 3980 Tugeudeu
1198 3917 1262 3968 trilll
1340 3959 1345 3966 .
