2774 4482
157 248 200 311 gg
589 241 633 294 nn
651 241 790 296 orneris
886 311 890 316 ¹

156 400 249 464 vermi
263 416 356 478 exque
370 397 406 460 iis
421 396 545 476 deligere
560 396 691 478 optimos
706 405 736 460 et
749 396 990 478 probatissimos,
1004 415 1133 477 quorum
1149 417 1225 462 con-

111 488 114 492 ’
158 485 224 548 silio
245 493 332 564 atque
351 483 522 546 anctoritate
540 482 664 544 nitatur:
686 483 815 546 ineuntis
830 481 909 544 enim
924 481 1027 544 aetatis
1041 481 1159 546 inscitia
1173 504 1225 547 se-

157 589 230 634 num
245 568 449 638 constituenda
463 575 492 630 et
505 567 632 647 regenda
645 569 800 648 prudentia
814 576 868 629 est
898 567 1023 629 llaxirne
1037 577 1137 630 antem
1151 567 1226 633 hae

158 661 237 718 aetas
256 673 273 716 a
291 653 460 716 libidinibns
475 653 600 715 arcenda
614 662 660 715 est
674 654 893 733 exercendaque
907 651 939 714 in
951 651 1052 716 labore
1066 653 1225 733 patientia·

158 759 215 820 qne
234 747 264 802 et
283 738 374 800 animi
392 746 422 799 et
442 738 592 818 corporis,
612 745 768 801 uteorum
787 747 817 799 et
830 739 861 800 in
875 737 986 799 bellicis
1000 746 1030 798 et
1043 739 1076 800 in
1089 739 1224 804 civilibus

157 824 261 886 officiis
281 825 375 902 vigeat
394 822 547 885 industria.
588 824 684 903 Atque
703 825 791 886 etiam
810 843 878 886 cnm
898 823 1028 884 relaxare
1053 824 1171 888 animos
1194 834 1226 888 et

158 909 227 972 dare
246 927 279 970 se
299 909 595 982 inmortalitatem,
614 918 734 972 caveant
747 907 1016 988 intemperantiam,
1034 910 1226 973 meminerint

157 993 355 1067 verecnndiae,
371 995 452 1072 quod
467 993 521 1055 erit
536 994 657 1070 facilius,
672 995 699 1056 si
713 995 744 1055 in
760 998 823 1056 eius
835 994 916 1056 modi
928 993 1046 1072 quidem
1057 994 1146 1056 rebus
1157 1015 1223 1058 ma·

90 1089 138 1144 123
157 1079 237 1142 iores
252 1086 322 1140 natu
336 1079 435 1140 volent
448 1079 597 1140 interesse.
626 1079 755 1142 Senibus
770 1087 868 1141 autem
881 1077 996 1140 labores
1012 1079 1150 1158 corporis
1164 1081 1225 1141 mi-

157 1165 280 1240 ruendi,
306 1163 525 1236 exercitationes
553 1164 643 1226 animi
669 1166 758 1226 etiam
783 1164 931 1243 augendae
950 1163 1099 1225 ridentur:
1127 1166 1225 1228 danda

157 1267 227 1312 vero
250 1267 338 1330 opera
353 1255 430 1309 utet
445 1249 557 1324 amieos
572 1257 600 1310 et
614 1250 795 1312 inventutem
810 1259 839 1309 et
853 1248 980 1310 maxime
994 1267 1057 1310 rem
1072 1249 1225 1328 publicem

158 1334 282 1396 consilio
297 1341 326 1394 et
339 1332 495 1412 prudentia
510 1351 596 1412 quam
612 1335 772 1413 plurimum
787 1333 931 1394 adiuvent
957 1332 1035 1394 Nihil
1046 1341 1145 1396 autem
1157 1355 1224 1398 ma-

158 1420 201 1498 gis
222 1418 384 1480 cavendum
403 1425 449 1479 est
464 1419 605 1479 senectuti
621 1438 710 1498 quam
724 1437 762 1479 ne
776 1418 909 1496 languori
924 1437 956 1478 se
970 1417 1156 1498 desidiaeque
1171 1422 1224 1482 de·

158 1505 214 1566 dat
249 1503 376 1565 Luxuria
390 1521 460 1564 vero
476 1521 543 1564 cum
559 1505 642 1565 omni
656 1505 742 1566 aetati
755 1504 851 1583 turpis
867 1512 931 1564 tum
947 1505 1093 1564 senectuti
1109 1505 1224 1567 foedis-

157 1589 232 1650 sima
258 1595 310 1650 est
347 1588 399 1650 Sin
425 1596 520 1650 autem
548 1587 635 1650 etiam
660 1589 814 1650 libidinum
840 1588 1066 1667 intemperantia
1091 1591 1225 1664 accessit,

158 1674 265 1754 duplex
280 1673 388 1735 malum
405 1681 458 1746 est,
473 1673 552 1753 quod
568 1680 597 1733 et
613 1675 678 1755 ipsa
692 1681 828 1748 senectus
840 1674 966 1735 dedecus
978 1673 1107 1754 concipit
1116 1683 1145 1735 et
1156 1675 1226 1737 lacit

158 1757 387 1821 adulescentium
408 1757 656 1838 impudentiorem
672 1758 934 1844 intemperantiam.

90 1851 138 1904 124
242 1845 285 1905 Ac
299 1862 337 1905 ne
351 1843 418 1905 illud
435 1843 553 1922 quidem
569 1844 692 1906 alienum
707 1854 767 1918 est,
782 1844 819 1904 de
833 1843 1057 1924 magistratuum
1073 1847 1110 1906 de
1124 1844 1223 1924 priva-

155 1937 266 2002 torum,
281 1929 318 1990 de
333 1929 439 1990 civium
453 1929 491 1990 de
504 1930 726 2008 peregrinorum
739 1928 842 1990 officiis
854 1928 958 1990 dicere.
985 1929 1038 1990 Est
1049 1929 1138 2008 igitur
1148 1949 1237 2009 pro-2

156 2015 255 2094 prium
272 2031 381 2074 munus
398 2014 585 2092 magistratus
601 2015 767 2093 intellegere
782 2033 813 2075 se
828 2032 928 2092 gerere
946 2032 1107 2093 personam
1122 2015 1222 2078 civita-

157 2099 196 2160 tis
214 2097 377 2177 debereque
396 2098 458 2159 eius
479 2097 649 2176 dignitatem
669 2107 699 2160 et
718 2100 806 2160 decus
828 2100 987 2172 sustinere,
1006 2118 1122 2162 servare
1136 2101 1223 2179 leges,

158 2183 221 2244 iura
247 2182 424 2256 describere,
450 2202 481 2244 ea
502 2183 569 2244 fidei
589 2203 658 2245 suae
680 2184 838 2246 commissa
858 2183 1037 2246 meminisse.
1072 2184 1223 2247 Privatum

52 2281 58 2336 ,’
157 2275 254 2354 autem
275 2275 393 2348 oportet
413 2285 506 2346 aequo
522 2277 551 2328 et
564 2269 628 2347 pari
645 2287 712 2331 eum
728 2269 1026 2331 civibus'iure·vivere
1040 2289 1136 2350 noque
1150 2271 1222 2332 snb-

192 2459 244 2520 84.
266 2469 321 2522 122.
340 2470 583 2537 eoeqrreia'rdelt'gere.
597 2471 663 2522 Vor-
716 2471 800 2535 biiulig
812 2471 1004 2538 vorkommende
1020 2475 1174 2525 constructio
1191 2475 1223 2525 ad

157 2539 245 2588 nebrne
258 2537 520 2602 rbmiscbeliingliuge
533 2539 662 2590 seblossen
717 2555 817 2590 sensnm
833 2539 968 2592 auloetar.
997 2540 1023 2608 ς.
1036 2542 1082 2592 147
1095 2545 1224 2609 anguibus

158 2606 211 2656 siclt
235 2621 267 2656 ou
292 2605 447 2656 bedenteode
473 2603 664 2656 Stantsmiinner
716 2606 840 2675 sulpura.

157 2689 202 2736 an,
220 2689 260 2723 um
274 2688 324 2722 von
336 2673 410 2722 ibren
425 2673 493 2724 nicht
506 2689 554 2723 nur
564 2675 663 2740 prolrti-
749 2676 898 2727 iucunditas
909 2676 944 2726 ist
955 2676 1074 2727 milderer
1086 2677 1223 2728 Ansdrnolr

157 2742 217 2792 sebo
229 2740 404 2805 Erlubrongeu
421 2740 463 2790 llir
483 2742 528 2792 das
548 2741 663 2806 liiultigc
715 2742 895 2811 suboctuplos,
909 2744 972 2793 denn
983 2743 1108 2861 avoluptati
1116 2760 1146 2793 re
1158 2744 1224 2796 dare

157 2809 317 2860 Stoetslebeo
342 2825 373 2859 zu
397 2810 528 2871 sammeln,
553 2811 662 2861 sondern
716 2811 804 2861 wiirde
825 2811 881 2862 eine
901 2810 1017 2861 todelnde
1062 2809 1221 2861 ebonbedeu-

157 2879 219 2928 anob
232 2878 257 2927 in
270 2877 339 2926 ibrer
351 2892 445 2940 gornen
459 2877 587 2929 sittlirhen
599 2877 662 2928 Per·
716 2886 778 2942 tnng
790 2878 977 2930 einsebliessen.

157 2945 308 2996 slinlicblreit
329 2945 381 2995 siclt
399 2946 460 2994 nach
476 2945 549 2995 ibnen
566 2963 598 2995 zn
614 2945 662 2996 bil·
750 2946 1028 3014 ineiuamodr'puidem:
1040 2944 1142 3013 quidem
1154 2945 1224 2996 nicbt

157 3013 214 3064 den.
251 3013 277 3064 S.
293 3012 334 3063 die
352 3012 518 3075 Sobildernng
538 3013 579 3064 bei
599 3012 662 3064 Plio.
716 3014 934 3080 einschriinltend,
958 3017 1066 3067 sondern
1090 3015 1224 3079 botonem,

158 3080 279 3148 elell,
300 3081 339 3130 ll.
364 3079 398 3130 So
420 3081 516 3130 aebloss
538 3082 589 3131 oieb
612 3080 663 3132 Cic.
712 3084 818 3146 *genade
832 3083 873 3132 bei
886 3081 1006 3134 solcbco‘.
1028 3086 1031 3091 ’

158 3156 246 3199 zoerst
261 3163 293 3199 an
310 3151 357 3200 den
369 3148 471 3213 Angor,
493 3147 557 3200 donn
569 3165 601 3199 nn
616 3150 663 3200 deu
754 3149 810 3200 124.
828 3154 888 3202 iura
904 3150 1057 3217 describere,
1078 3151 1117 3202 dic
1129 3149 1224 3202 llocbte

157 3217 275 3268 Pontifex
289 3217 412 3268 Scaevola
423 3232 466 3281 an,
483 3232 515 3266 oo
528 3218 663 3268 denselben
717 3219 763 3268 der
783 3217 921 3269 Einzelnen
941 3221 1148 3286 nuterscheiden,
1169 3217 1225 3270 enl-

156 3283 185 3336 P.
198 3283 307 3335 Rutilius
331 3283 365 3349 ΙΙ,
381 3281 475 3351 13,47.
511 3284 544 3335 So
562 3301 594 3336 on
612 3285 662 3338 Cio.
717 3287 789 3336 recht
800 3286 893 3337 balteo.
925 3286 983 3350 Vgl.
997 3287 1020 3352 ᾖ.
1034 3286 1064 3338 21
1079 3288 1226 3354 descriptio.

158 3353 239 3404 selbst
261 3351 294 3403 M.
316 3352 416 3404 Coelius
439 3353 493 3419 (pro
506 3352 574 3404 Geel.
588 3354 614 3420 4,
628 3354 663 3418 9),
717 3352 826 3418 Π,4,15.
849 3353 884 3405 lm
898 3352 1041 3418 Gegeosstz
1054 3357 1120 3406 dano
1131 3355 1226 3406 bedeu-

157 3420 191 3472 Μ.
204 3419 339 3472 Terentius
353 3419 397 3485 (ad
411 3419 467 3471 lam.
482 3419 549 3486 ΧΙΙΙ,
565 3421 626 3487 tot)
639 3440 663 3473 o.
717 3428 757 3473 tet
776 3421 845 3488 leger
861 3437 966 3474 emere
984 3424 1025 3474 die
1042 3421 1227 3474 Stoatsverlos·

156 3487 266 3540 Ardere.
719 3505 783 3554 sung
796 3490 942 3556 bewabren,
960 3492 990 3542 de
1005 3507 1041 3541 or.
1054 3490 1084 3554 ll,
1093 3491 1132 3556 16,
1138 3491 1170 3541 68
1183 3493 1228 3557 qui

192 3558 371 3608 conalitneoda
406 3558 429 3606 d.
447 3557 463 3607 i.
488 3557 663 3622 confirmando,
718 3561 790 3622 iera,
803 3559 938 3625 proteges,
952 3561 1120 3624 guidottum
1132 3562 1227 3610 eonsti-

158 3625 315 3676 stabilienda.
333 3626 358 3675 S.
369 3596 443 3677 iiritz
456 3639 479 3675 z.
491 3625 609 3690 Soll.lug.
622 3626 664 3688 35,
720 3630 832 3678 luerunt.
862 3625 889 3676 ln
907 3627 989 3677 einero
1008 3629 1102 3680 andero
1125 3625 1226 3691 (logen-

159 3693 189 3744 1'l
206 3697 318 3746 maiorer
332 3695 411 3745 nemi
428 3693 542 3760 parandi
556 3695 622 3745 turta
640 3698 667 3745 et
681 3699 687 3714 ¹
719 3699 790 3744 sulze
804 3696 871 3746 stebt
882 3694 927 3746 lere
937 3697 988 3746 nod
1000 3699 1042 3748 ius
1052 3695 1094 3758 lll‚
1109 3696 1149 3760 ll,
1161 3695 1203 3745 69.

157 3761 349 3815 constituendae
357 3763 666 3816 esurrectione-Aren·
753 3778 833 3828 aequo
847 3767 873 3814 et
887 3767 950 3834 part·
959 3767 1024 3816 tore.
1050 3764 1095 3814 llic
1108 3763 1227 3829 synony-

159 3833 240 3882 tr'ttum
253 3845 415 3948 occupatore.
718 3845 774 3882 men
792 3831 848 3883 siud
865 3847 912 3884 zur
928 3832 1105 3894 Versttrtung
1120 3832 1166 3882 des
1178 3832 1227 3882 lle-

193 3913 283 3950 eorum
322 3897 405 3950 eziebt
427 3899 481 3951 siclt
505 3899 583 3950 durch
608 3899 663 3950 eine
718 3898 789 3962 retus
798 3900 844 3951 mit
852 3901 973 3952 einander
982 3900 1140 3964 verbunden,
1158 3898 1226 3951 Vell.
