2774 4482
512 270 603 323 nna.
631 271 809 324 curasse.
1153 275 1194 338 89

129 430 198 492 deat
218 445 322 490 nemo:
341 435 478 490 verentur
497 427 576 489 enim
596 443 647 502 ne,
667 428 693 488 si
709 437 767 507 quc
784 445 854 488 casu
869 428 996 502 evenerit
1010 434 1042 489 ut
1057 426 1194 506 eorporis

127 522 229 596 partes
244 513 388 593 quaedam
403 513 580 592 aperiantur,
595 511 774 593 aspiciantur
787 529 849 573 non
864 513 977 574 decore.
987 531 989 538 ·
1000 511 1115 574 Nostro
1128 509 1194 592 quiss

129 603 197 663 dem
213 618 298 660 more
314 617 380 660 cum
395 599 567 678 parentibus
582 598 709 678 puberes
725 595 789 672 filii,
809 616 876 659 cum
892 598 1003 659 soceris
1018 597 1117 677 generi
1132 616 1194 659 non

127 686 269 748 lavantur.
295 681 459 746 Retinenda
474 683 562 764 igitur
576 690 622 745 est
632 684 719 745 limus
732 683 847 764 generis
857 683 1041 756 verecundia,
1057 701 1193 762 praeser-

127 771 181 832 tim
207 776 312 832 natura
338 769 403 848 ipsa
423 769 616 848 magistraet
641 769 722 830 duce.
749 753 842 852 'Cum
867 776 966 829 autem
985 767 1192 847 pulcritudinis
1211 771 1253 832 86
1278 827 1282 832 .
1311 783 1315 789 “

129 858 188 918 duo
204 872 309 935 genera
325 855 393 928 sint,
408 871 535 933 quorum
550 853 581 914 in
596 855 687 915 altero
699 861 836 915 venustas
848 852 895 926 sit,
911 853 942 914 in
954 853 1045 914 altero
1057 853 1193 932 dignitas,
1216 863 1264 916 130

126 946 310 1002 venustatem
322 939 496 1001 muliebrem
508 940 614 1000 ducere
626 939 778 1013 dehemus,
790 938 961 1023 dignitatem
972 937 1092 999 virilem.
1116 938 1195 1016 Ergo
1257 929 1262 963 ¹
1288 1007 1289 1010 Ἴ

128 1033 156 1086 et
174 1045 190 1086 a
211 1027 306 1086 forma
325 1032 511 1086 removeatur
532 1023 629 1086 omnis
648 1024 711 1084 viro
732 1041 795 1085 non
815 1023 920 1102 dignus
940 1035 1062 1085 ornatus
1080 1030 1113 1096 et
1127 1022 1196 1084 huic

127 1110 224 1172 simile
248 1109 352 1170 vitium
378 1109 410 1170 in
435 1117 519 1189 gestu
543 1119 687 1188 motuque
711 1115 854 1170 caveatur.
889 1108 964 1169 Nam
984 1115 1012 1169 et
1031 1108 1196 1188 palaestrici

126 1203 228 1257 motus
246 1201 314 1256 sunt
329 1213 416 1274 saepe
431 1195 595 1256 odiosiores
611 1201 639 1254 et
649 1194 828 1256 histrionum
840 1212 902 1254 non
913 1193 984 1254 nrdli
996 1201 1098 1272 gestus
1109 1193 1194 1274 inep-

126 1281 175 1342 tiis
191 1297 256 1341 non
269 1287 372 1342 vacant
387 1288 416 1341 et
431 1279 461 1340 in
478 1287 602 1359 utroque
618 1297 727 1358 genere
740 1298 814 1358 quae
830 1287 899 1341 sunt
913 1285 991 1339 recta
1008 1286 1036 1338 et
1051 1278 1193 1357 simplicia

126 1365 291 1428 laudantur.
322 1365 446 1426 Formae
466 1372 564 1427 autem
584 1365 709 1443 dignitas
731 1363 839 1425 coloris
860 1363 991 1425 bonitate
1010 1363 1119 1424 tuenda
1142 1373 1194 1438 est,

128 1451 212 1511 color
231 1449 486 1511 exercitationibus
507 1449 651 1529 corporis.
687 1449 862 1510 Adhibenda
881 1455 1030 1528 praeterea
1049 1449 1195 1509 munditia
1206 1427 1347 1521 naupli..

128 1543 175 1596 est
194 1553 256 1596 non
276 1534 379 1596 odiosa
394 1552 490 1614 neque
504 1534 646 1614 exquisita
661 1533 766 1605 nimis,
786 1539 901 1594 tantum
917 1552 991 1612 quae
1005 1533 1095 1610 fugiat
1110 1551 1195 1612 agre-
1205 1543 1256 1593 un
1276 1549 1296 1566 ··
1312 1527 1342 1568 *b

129 1628 205 1682 stem
221 1627 250 1681 et
265 1619 459 1682 inhumanam
475 1619 696 1699 neglegentiam:
722 1619 833 1680 Eadem
848 1617 923 1678 ratio
940 1625 985 1680 est
999 1617 1133 1679 habenda
1143 1637 1194 1679 ve-

6 1741 8 1776 3
129 1706 230 1779 stitus,
251 1705 282 1765 in
299 1723 372 1784 quo,
388 1705 466 1768 sicut
480 1706 512 1765 in
527 1705 674 1785 plerisque
688 1704 791 1778 rebus,
808 1703 994 1765 mediocritas
1011 1703 1123 1782 optima
1138 1711 1193 1764 est.
1263 1715 1267 1719 ’

6 1803 8 1824 ’
92 1822 96 1827 ·
128 1791 295 1852 Cavendum
310 1797 406 1852 autem
424 1798 521 1852 estne
536 1798 586 1852 aut
599 1789 783 1850 tarditatibus
798 1795 916 1850 utamur
923 1788 957 1858 in
969 1788 1104 1867 ingressu
1116 1789 1192 1850 mol·
1216 1797 1262 1849 131

127 1875 265 1949 liorihus,
281 1883 314 1937 ut
328 1894 508 1955 pomparum
524 1874 641 1936 lerculis
657 1873 768 1934 similes
785 1892 852 1934 esse
867 1872 1025 1947 videamur,
1041 1883 1091 1934 aut
1105 1873 1136 1933 in
1152 1875 1166 1934 l
1179 1909 1194 1920 -

126 1960 334 2022 stinatiunibus
359 1961 556 2040 suscipiamus
585 1959 691 2020 nimias
719 1957 893 2032 celeritates,
921 1977 1085 2038 quaecum
1109 1959 1193 2036 fiunt,

127 2046 270 2106 anhelitus
286 2052 455 2116 moventur,
470 2045 566 2106 vultus
582 2051 747 2115 mutantur,
765 2063 817 2105 ora
831 2051 1019 2122 torquentur:
1036 2043 1193 2124 exquibus

125 2148 233 2208 magna
255 2129 427 2208 significatio
443 2131 476 2190 lit
489 2147 553 2190 non
567 2130 672 2192 adesse
687 2128 983 2228 constantiam.)lSed
998 2127 1090 2188 multo
1106 2125 1194 2190 etiam

125 2215 220 2292 magis
236 2214 447 2276 elaborandum
463 2221 517 2288 est,
533 2232 571 2275 ne
587 2215 788 2289 animimotus
802 2221 934 2274 anatura
945 2213 1095 2274 recedant:
1112 2214 1193 2292 quod

125 2317 331 2378 assequemur,
354 2299 379 2358 si
399 2299 565 2360 cavebimus
585 2317 623 2360 ne
643 2299 675 2360 in
690 2298 924 2378 perturbationes
940 2299 1026 2376 atque
1042 2298 1192 2358 exanima-

162 2433 221 2483 129.
241 2433 339 2486 Nostro
356 2433 457 2498 quidun
469 2448 552 2489 more.-
564 2434 629 2484 Plut.
685 2436 774 2484 hdrten
787 2433 828 2482 bei
842 2433 889 2482 den
901 2432 1011 2483 Rb'mcrn
1023 2449 1056 2483 zu
1068 2434 1138 2484 einer
1149 2449 1193 2497 ge-

126 2501 181 2551 Cat.
192 2515 225 2550 m.
237 2517 259 2550 c.
270 2499 303 2567 ill
316 2500 365 2549 τοῦ
376 2497 481 2556 παιδὸς
492 2497 632 2570 παρόντος
686 2502 781 2552 sunden
804 2500 993 2552 Lebensweise.
1029 2501 1117 2552 Blasse
1140 2501 1193 2553 Ge-

125 2562 494 2640 συλλούσαᾳθαιμηδέποτε,
501 2569 632 2620 καὶτοῦτο
686 2568 835 2620 sicbtsicrbe
851 2569 905 2632 golt
919 2567 962 2618 fair
974 2569 1018 2619 das
1031 2567 1142 2620 Zeichen
1155 2570 1192 2620 ei-

123 2631 222 2692 κοινὸν
236 2634 303 2691 ἔθος
315 2633 387 2687 ἔοικε
397 2631 540 2704 Ῥωμαίων
552 2634 630 2688 εἶναι.
686 2653 730 2687 nes
746 2636 909 2687 weichliclren
920 2635 1020 2686 Lebens
1037 2637 1087 2687 und
1103 2638 1192 2688 weibi-

158 2691 209 2756 36.
247 2703 304 2754 130.
340 2703 528 2772 pulcritudinis.
560 2704 631 2756 Stob.
685 2706 760 2756 seben
772 2703 893 2754 Wesens.

123 2773 222 2823 erklirt
251 2769 404 2842 κοσμιότης
426 2773 465 2822 als
489 2767 630 2842 ἐπιστήμη
721 2771 777 2822 131.
798 2769 986 2835 tarditatcc:§.
996 2770 1038 2820 41.

122 2839 297 2909 πρεπουσῶν
324 2839 370 2890 καὶ
392 2835 530 2908 ἀπρεπῶν
555 2836 631 2906 κινή-
716 2854 871 2956 pomparum
883 2837 1011 2908 sunta:
1035 2837 1096 2889 Hor.
1115 2855 1191 2891 serm.

123 2921 202 2959 σεων.
225 2908 275 2958 Cic.
288 2907 354 2958 iasst
366 2909 414 2968 den
426 2907 523 2972 Begriff
530 2908 629 2958 walter.
684 2907 702 2971 1,
733 2907 769 2971 ,9
793 2905 838 2960 Nil
852 2907 956 2972 aequale
972 2907 1191 2973 donnnisuitilli:
1213 2920 1216 2925 ’

156 2977 306 3044 palaestrici
324 2979 423 3040 motus,
447 2977 633 3040 Bevvegungen,
684 2992 761 3046 saepe
783 2975 852 3026 uelut
874 2976 918 3042 qui
941 2977 1062 3026 currebat
1079 2977 1192 3042 fugiens

122 3045 202 3095 denen
230 3059 286 3094 man
317 3044 361 3093 das
385 3043 561 3106 Erzwungenc
586 3045 631 3094 der
684 3045 794 3102 boetem·
808 3059 935 3112 persaepe
947 3043 1016 3094 uelut
1029 3043 1074 3108 qui
1085 3043 1191 3095 Iunonis

122 3113 213 3163 Sibulc
234 3111 361 3176 summit,
383 3113 447 3162 deun
469 3127 526 3162 vom
540 3112 630 3180 palae-
684 3127 761 3164 sacra
770 3113 869 3178 seruet.
891 3109 1191 3175 Vgl.dieScl1ilderung
1380 3141 1381 3150 .

92 3183 199 3232 *atrita
212 3181 312 3230 lerntcn
325 3180 366 3229 die
377 3179 473 3230 Riimcr
483 3178 568 3230 Maass
580 3180 630 3230 und
684 3181 728 3230 des
745 3179 818 3230 Catil.
837 3179 877 3228 bei
896 3179 957 3228 Sall.
977 3193 998 3228 c.
1018 3177 1048 3227 15
1062 3177 1130 3228 colos
1144 3195 1233 3230 πο·-
1299 3187 1302 3194 “
1379 3181 1381 3236 ζ

121 3247 233 3312 Haltung
244 3248 269 3297 in
282 3248 330 3297 den
343 3247 526 3311 Bcwegungen.
543 3246 629 3312 Quint.
683 3246 960 3313 cungano‚soediomclt',
973 3247 1125 3312 citusmodo,
1135 3263 1191 3300 mc·
1380 3241 1381 3264 ¹

121 3315 140 3379 l,
157 3315 371 3382 11,16aqn·ons
387 3314 570 3381 (palaestritis)
581 3332 629 3382 ge·
683 3313 819 3365 dotandus
835 3317 961 3365 incessus.
984 3315 1023 3364 lla
1040 3315 1080 3364 die
1098 3313 1191 3365 Rdmer

121 3389 180 3435 stans·
190 3389 326 3450 motusque
334 3385 502 3449 summetur,
518 3387 550 3434 ut
559 3387 630 3434 recta
683 3381 761 3433 Ernst
778 3383 829 3432 und
840 3381 940 3432 Wiirde
952 3383 1014 3433 auch
1027 3382 1052 3431 in
1064 3383 1131 3432 allen
1143 3383 1191 3432 lie-

121 3455 176 3502 cint
188 3453 298 3515 brachiu,
315 3468 348 3502 ne
359 3451 475 3502 indoctae
486 3453 629 3502 meduane
682 3463 821 3512 wegungen
840 3466 887 3500 zur
905 3449 987 3500 Sebau
1003 3457 1106 3516 tragon,
1124 3450 1191 3501 kann

120 3529 221 3584 mortua,
234 3537 268 3570 ne
277 3523 364 3570 statur
374 3519 519 3580 indecoram,
535 3536 568 3569 nc
579 3535 630 3586 qun
681 3532 738 3568 man
751 3517 804 3566 sich
816 3518 885 3567 nicht
895 3518 1025 3581 camdem,
1044 3519 1102 3567 dass
1115 3518 1152 3568 sie
1165 3518 1191 3569 in

120 3592 147 3639 in
161 3587 330 3658 proferendis
344 3586 579 3657 pedibnsinsct'tt'u,
596 3603 629 3637 ne
683 3586 754 3636 einer
794 3585 938 3647 derartigen
971 3583 1191 3636 Aeusserlichkeit

121 3661 210 3774 m
217 3656 378 3774 οοπὶὲτπθπαῠ
395 3655 446 3774 {iia
461 3659 576 3724 corporis
589 3659 629 3706 in·
682 3655 745 3771 ηοὶίι
757 3655 830 3773 ¹:3th
839 3653 878 3704 als
888 3652 1108 3771 nglilrdaffieicbelp
1118 3653 1189 3703 eines
1380 3697 1381 3750 l

170 3739 419 3774 aonewnean.
682 3737 880 3772 uaesanren
928 3735 972 3772 ura
1018 3735 1142 3770 msacn.
1380 3751 1381 3770 ;

157 3791 226 3844 color
255 3793 482 3843 exercitationibus
506 3793 628 3860 emporis.
718 3737 933 3841 enannnnstionec:
969 3788 1044 3838 Tusc.
1062 3786 1103 3850 lV,
1117 3785 1142 3851 8,
1171 3786 1188 3838 9
1380 3781 1381 3804 ἶ

122 3857 257 3928 Ἰᾛςίἰοὴοτ
269 3859 353 3910 Badeo
369 3859 419 3909 und
429 3859 521 3907 verber
533 3859 628 3923 surke,
682 3860 898 3910 ammaimaticnem
924 3855 1070 3920 (deliniunt)
1090 3858 1161 3907 metu

123 3928 385 3992 s‘chvvcisserregende
398 3927 572 3990 Reuegungen
585 3941 629 3990 ge·
682 3929 876 3993 subsequentem
890 3929 916 3976 et
926 3927 1002 3990 pacati
1013 3925 1131 3976 connitum
1139 3938 1188 3992 pu·
