2734 4478
433 308 439 318 ,
513 255 574 308 LIB.
586 255 604 308 1.
633 255 704 309 CAP.
717 257 843 310 32-34.
1170 261 1211 324 85

147 411 237 492 igitur
252 411 290 472 ad
304 417 425 472 naturae
439 428 509 474 suae
519 429 581 473 non
591 411 714 475 vitiosae
726 431 819 492 genus
831 412 1112 478 consilium'vivendi
1123 433 1212 475 omne

148 495 320 568 contulerit,
337 496 366 556 is
388 496 582 559 constantiam
601 505 758 581 1111111-
778 498 807 558 id
828 497 1210 573 1111111’1111111111111111-.-,

146 581 206 644 nisi
221 583 299 644 forte
313 597 345 641 se
360 579 530 643 intellexerit
545 601 661 645 errasse
675 583 706 644 in
721 583 875 663 deligendo
892 602 999 664 genere
1012 584 1094 653 vitae.
1125 581 1211 658 Quod

134 667 174 728 ·si
190 665 327 728 acciderit
342 699 383 710 -
398 673 611 746 potestantem
626 670 756 731 accidere
772 704 826 750 -,
846 669 977 732 iacienda
991 671 1111 732 morum
1125 668 1211 730 insti—

147 759 338 831 tutorumque
358 753 481 814 mutatio
502 761 554 814 est.
588 753 660 814 Eam
681 753 874 816 mutationem
895 755 921 815 si
941 761 1073 834 tempora
1092 753 1212 816 adiuva-

145 837 237 910 bunt,
256 836 369 898 facilius
390 838 635 919 commodiusque
654 839 807 901 faciemus:
830 838 875 900 sin
895 840 1008 913 minus,
1031 839 1141 900 sensim
1158 839 1213 900 erit

148 921 397 1003 pedetemtimque
417 923 560 996 facienda,
584 931 617 985 ut
636 924 791 998 amicitias,
811 944 884 1004 quae
902 925 1001 986 minus
1022 925 1165 986 delectent
1184 931 1212 984 et

147 1008 248 1068 nunus
264 1005 436 1086 probentur,
451 1008 543 1088 magis
560 1009 662 1070 decere
678 1018 801 1088 censent
815 1010 963 1088 sapientes
979 1010 1091 1071 sensim
1103 1009 1212 1070 diluere
1248 1052 1250 1056 .

149 1111 239 1171 quam
258 1099 379 1172 repente
399 1093 574 1171 praecidere.
607 1095 794 1156 Commutato
811 1103 907 1156 autem
922 1114 1027 1174 genere
1040 1095 1114 1155 vitae
1130 1093 1211 1155 omni
1233 1100 1279 1151 121
1296 1165 1319 1176 m

147 1177 261 1256 ratione
278 1177 440 1238 curandum
456 1184 547 1239 estut
562 1179 590 1240 id
605 1179 687 1240 bono
703 1179 828 1240 consilio
844 1179 948 1240 fecisse
962 1167 1291 1265 videamur4f”

235 1261 293 1322 Sed
309 1262 448 1340 quoniam
463 1263 561 1343 paullo
573 1271 639 1324 ante
651 1264 760 1330 dictum
773 1272 818 1325 est
828 1264 985 1342 imitandos
998 1283 1063 1325 esse
1075 1259 1212 1335 n‘iaiores,

147 1347 279 1427 primum
293 1347 363 1408 illud
379 1356 534 1427 exceptum
550 1349 597 1421 sit,
614 1348 731 1410 neritia
748 1349 808 1410 sint
822 1349 971 1422 imitanda,
987 1349 1102 1421 deinde,
1119 1349 1145 1409 si
1158 1367 1212 1410 na-

149 1441 214 1494 tura
232 1449 294 1494 non
315 1433 400 1506 leret,
426 1433 465 1491 ut
479 1433 748 1512 quaedamimitari
768 1433 878 1512 possit,
898 1442 931 1495 ut
952 1434 1114 1514 superioris
1135 1434 1211 1494 filius

148 1513 290 1590 Africani,
307 1517 356 1596 qui
371 1517 450 1578 hunc
464 1516 565 1578 Paullo
582 1526 683 1579 natum
698 1518 857 1598 adoptavit,
876 1527 1000 1598 propter
1013 1517 1212 1579 infirmitatem

148 1602 321 1664 valetudinis
346 1609 487 1662 nontam
507 1603 603 1680 potuit
622 1602 714 1682 patris
737 1603 840 1664 similis
860 1622 926 1664 esse
945 1622 1034 1683 quam
1053 1603 1099 1663 ilie
1119 1605 1213 1664 luerat

149 1689 209 1750 sui:
232 1687 257 1749 si
277 1687 366 1766 igitur
384 1705 446 1749 non
464 1687 574 1766 poterit
594 1687 653 1748 sive
673 1706 775 1748 causas
790 1688 967 1750 defensitare
989 1689 1049 1750 sive
1067 1687 1213 1767 populum

149 1773 338 1834 contionibus
354 1780 453 1833 tenere
469 1773 530 1834 sive
543 1773 617 1834 bella
632 1775 742 1852 gerere,
758 1771 803 1833 illa
817 1781 916 1834 tamen
927 1781 1075 1852 praestare
1088 1771 1212 1844 debebit,

149 1878 222 1938 quae
250 1865 335 1919 erunt
359 1856 390 1918 in
413 1857 507 1937 ipsius
534 1865 694 1936 potestate,
721 1856 860 1919 iustitiam
890 1859 978 1919 tidem
1004 1857 1212 1930 liberalitatem,

148 1942 326 2004 modestiam
346 1941 582 2023 temperantiam,
603 1961 661 2023 quo
682 1942 781 2004 minus
802 1942 838 2003 ab
857 1962 892 2005 eo
907 1943 952 2018 id,
967 1943 1047 2024 quod
1062 1942 1150 2016 desit,
1164 1961 1213 2003 re-

148 2028 290 2108 quiratur.
324 2027 443 2106 Optima
469 2035 566 2089 autem
591 2028 739 2090 hereditas
765 2047 782 2088 a
806 2028 937 2107 patribus
963 2028 1088 2110 traditur
1113 2027 1212 2088 liberis

149 2112 289 2193 omnique
303 2112 481 2192 patrimonio
497 2113 694 2192 praestantior
709 2113 800 2191 gloria
814 2113 928 2175 virtutis
942 2131 1101 2194 rerumque
1116 2120 1212 2191 gesta-

147 2217 224 2272 rum,
241 2197 287 2258 cui
302 2198 437 2260 dedecori
452 2216 516 2258 csse
531 2198 613 2260 nolas
629 2206 658 2258 et
672 2198 796 2277 impium
812 2198 1000 2260 iudicandum
1015 2209 1068 2259 est.

234 2283 272 2343 m
287 2284 426 2360 quoniam
441 2282 537 2344 officia
551 2301 614 2344 non
629 2283 730 2345 eadem
746 2283 912 2362 disparibus
923 2282 1065 2344 aetatibus
1077 2281 1212 2343 tribuun-
1231 2277 1272 2339 34
1286 2251 1361 2373 5¹⁹5

148 2376 198 2428 tur
218 2367 329 2444 aliaque
349 2375 418 2428 sunt
437 2367 590 2442 iuvenum,
611 2367 665 2429 alia
685 2368 850 2442 seniorum,
869 2367 978 2447 aliquid
997 2367 1084 2430 etiam
1103 2367 1139 2426 de
1158 2365 1213 2427 hac
1236 2371 1283 2421 122

151 2449 340 2512 distinctione
359 2451 513 2539 dicendum
533 2461 585 2514 est.
615 2453 670 2515 Est
688 2453 776 2532 igitur
791 2451 986 2515 adulescentis
1001 2451 1129 2514 maiores
1144 2459 1215 2512 natu

147 2617 658 2685 rakterfestigkeitdesMenscbcugleiclr·
743 2625 884 2690 superioris
897 2622 1023 2687 Africani
1031 2621 1121 2688 filius:
1144 2621 1214 2670 Brut.
1314 2649 1317 2656 ·

148 2703 201 2738 sam
213 2687 252 2737 als
265 2686 305 2754 die
317 2686 432 2752 niedere,
453 2687 560 2738 irdiscbe
572 2689 656 2740 Natur
711 2689 750 2752 19,
763 2689 796 2738 77
812 2692 835 2738 is
847 2691 891 2754 (μα’
902 2689 969 2738 buno
980 2691 1108 2739 minorem
1117 2686 1215 2755 Scipio-

148 2756 182 2806 im
198 2755 332 2818 Vergleicb
354 2770 401 2804 zur
417 2756 556 2819 g'c'ttlicbcn
572 2756 656 2808 Natur
708 2773 767 2806 narn
779 2772 795 2806 a
806 2755 896 2806 Paullo
909 2756 1054 2824 adoptarit,
1072 2759 1214 2822 reserpere

148 2825 192 2874 des
205 2823 341 2874 Menscben
354 2823 407 2872 dar.
708 2824 833 2874 caiumset
841 2826 868 2873 in
877 2825 970 2890 pramis
981 2824 1085 2874 babitus
1097 2828 1166 2874 esset
1176 2823 1215 2874 di-

182 2889 466 2956 constantiars.§.14.
596 2913 598 2918 r
687 2916 691 2919 2
708 2895 803 2943 sertus.
827 2891 927 2942 Ebensc
945 2893 1026 2942 heisst
1042 2907 1070 2942 es
1087 2893 1112 2941 in
1129 2891 1215 2942 seiuer

183 2961 246 3010 douo
259 2958 372 3022 cmssilio,
388 2959 450 3010 nacb
462 2958 591 3010 reillichcr
603 2959 653 3012 Ue·
709 2958 879 3011 Grabscbrilt:
895 2960 965 3023 Quae
976 2962 1048 3030 apice
1058 2961 1161 3026 insigne
1169 2959 1215 3009 111-

147 3026 294 3091 berlegung.
708 3028 879 3094 alisfloma'nis
891 3031 1010 3094 gesistei,
1021 3027 1094 3078 Mors
1102 3028 1216 3095 perfecit

177 3096 276 3160 fecisse
286 3094 431 3159 caecamur,
449 3096 506 3145 dass
519 3095 560 3144 die
572 3093 653 3144 Lente
708 3100 754 3147 tua
764 3101 795 3147 ut
807 3101 893 3146 essent
904 3097 991 3146 omacio
1002 3097 1102 3158 breuia,
1121 3095 1213 3162 Honos,

149 3165 233 3227 seben,
246 3163 358 3213 dasswir
369 3177 460 3212 usw.
479 3161 654 3225 Ebensosteht
699 3165 935 3230 samariamque,
949 3162 1049 3230 glossa,
1068 3161 1164 3224 Quibus
1176 3164 1215 3212 sei

149 3231 232 3281 videri
245 3229 269 3296 ξ.
283 3229 330 3280 136
348 3230 457 3296 diligere
471 3245 501 3280 uc
518 3233 602 3297 1111111·
618 3233 654 3280 11·-
706 3235 733 3282 in
753 3232 832 3298 longa
851 3231 966 3282 licuisset
989 3234 1036 3282 1111·
1058 3233 1126 3282 uta'er
1151 3233 1212 3296 aeta,

149 3298 263 3348 deamur.
706 3299 792 3350 Facite
803 3301 904 3365 sarteas
928 3315 1079 3368 superasses
1097 3298 1213 3364 glaream

184 3365 286 3418 diluere.
317 3366 362 3416 1111
385 3366 561 3432 interpolirteu
577 3366 653 3418 lldss.
705 3371 840 3418 mmorum.

149 3431 228 3484 buben
241 3433 355 3485 dissuere
366 3432 408 3484 fiir
419 3434 522 3499 diluere,
537 3433 591 3483 eine
604 3432 654 3484 Re·
740 3437 766 3484 si
777 3437 875 3500 igitur:
904 3434 973 3486 Nacb
994 3435 1040 3485 der
1058 3434 1212 3485 Parenthese

148 3502 283 3553 miniscenz
296 3519 327 3554 aa
339 3501 498 3566 Larinate
512 3501 576 3552 tales
587 3503 654 3552 omi·
706 3501 771 3552 wird
783 3501 829 3551 der
841 3502 903 3551 oben
916 3499 1049 3564 allgemeiri
1061 3515 1212 3566 ausgespro-

146 3574 220 3622 1111111
231 3573 452 3622 suntranasseone
460 3585 524 3620 iesus
534 3569 655 3630 eluendae
707 3571 785 3621 chene
803 3567 934 3636 Gedanlre,
958 3569 983 3618 in
1005 3569 1136 3620 einzelnen
1156 3568 1213 3618 Bei-

147 3643 183 3704 11,
204 3643 236 3690 ut
248 3638 370 3690 Catonem
386 3636 470 3689 dicere
482 3637 580 3704 codici,
601 3637 654 3688 dis·
708 3638 804 3705 spielen
816 3637 973 3688 wiederbolt.
1000 3638 1084 3690 Ueber
1095 3639 1179 3703 r'ga'tm
1191 3653 1212 3687 s.

147 3707 358 3772 suendaemugis
375 3722 451 3771 quam
468 3704 653 3757 &suadendae
709 3723 731 3757 z.
745 3704 770 3771 ξ.
785 3706 842 3756 105.
858 3734 894 3744 —
914 3705 978 3757 Wol
994 3707 1039 3757 mit
1055 3705 1136 3756 Recbt
1151 3718 1212 3756 ver·

183 3773 240 3824 121.
259 3775 358 3824 onerari
373 3777 464 3842 possit.
491 3774 538 3824 Als
551 3772 656 3840 Subject
708 3776 805 3826 nuthet
818 3775 905 3839 Reier,
928 3775 986 3824 dass
1004 3774 1054 3824 Cic.
1071 3773 1112 3824 bei
1129 3773 1214 3824 dieser

146 3843 181 3893 ist
191 3857 237 3894 aus
250 3843 305 3892 dem
317 3840 429 3895 Verbum
446 3858 478 3890 zu
490 3841 616 3904 ergiinzen
632 3845 656 3892 a's
709 3858 806 3907 ganzen
819 3841 899 3894 Stelle
920 3843 1006 3894 sciren
1023 3843 1129 3906 eigenen
1146 3841 1213 3894 Solus

148 3913 192 3977 poi
201 3912 337 3975 imitatum
358 3926 378 3960 s.
392 3925 414 3961 z.
428 3909 485 3960 101.
703 3909 847 3963 'besonders
859 3912 891 3961 im
903 3911 974 3976 Ange
986 3909 1077 3976 gebabt
1087 3909 1159 3962 habe.
