2718 4484
152 222 234 324 '134
602 259 646 312 ox
665 259 802 312 urricus
845 273 849 280 ·
880 279 885 288 ·

172 420 204 476 ut
223 413 282 476 boe
301 414 471 494 fugiendum
491 421 552 488 est,
579 414 648 476 item
669 424 713 477 est
737 366 1247 496 nabeilfffi'belfgicnfiioeentem

173 499 343 580 aliquando,
364 502 454 563 modo
471 519 508 562 ne
524 501 667 562 nefarium
688 501 883 582 impiumque,
903 502 1068 564 defendere.
1099 503 1170 564 Vult
1185 503 1246 564 hoc

170 584 334 660 multitudo,
350 586 459 666 patitur
476 585 674 660 consuetudo,
690 589 746 648 fert
761 587 846 648 etiam
862 587 1038 650 humanitas.
1069 589 1181 651 Indicis
1198 598 1245 650 est

171 690 288 751 semper
308 672 450 733 incensis
470 691 570 734 verum
592 673 691 752 sequi,
714 673 832 754 patroni
852 691 1092 754 nonnumquam
1114 675 1179 736 veri
1201 675 1244 736 si-

170 757 252 830 mde,
268 757 353 818 etiam
369 757 510 819 siminus
526 757 566 819 sit
580 776 696 832 verum,
712 758 878 820 defendere:
895 760 971 839 quod
989 759 1136 834 seribere,
1151 779 1242 840 prae-

170 841 359 904 sertimeum
375 843 421 904 de'
431 844 619 923 philosophia
640 843 815 917 scriberem,
837 863 898 905 non
913 845 1065 919 auderem,
1082 846 1144 906 nisi
1159 847 1243 908 idem

170 927 302 1007 placeret
311 929 486 1007 gravissimo
500 928 667 990 Stoicorum
680 929 837 992 Panaetio.
855 930 976 991 Maxime
991 938 1089 992 autern
1105 938 1135 992 et
1147 932 1243 1010 gloria

168 1013 281 1100 paritur¹
292 1021 324 1101 ⁴et
335 1015 426 1104 gratia
446 1015 664 1076 defensionibus
679 1034 772 1096 eoque
787 1015 895 1088 maior,
908 1015 1071 1104 siquando
1084 1017 1194 1111 §edidit
1209 1026 1242 1079 ut

170 1099 196 1159 ei
212 1091 417 1173 subreniatur,
435 1101 485 1180 qui
500 1100 628 1180 potentis
646 1100 766 1163 alicuius
783 1099 889 1180 opibus
905 1091 1110 1164 cibelinifeirfii
1126 1121 1239 1182 urgue-

169 1185 253 1264 rique
271 1185 416 1259 videatur,
436 1192 468 1247 ut
488 1203 544 1246 nos
569 1193 597 1246 et
616 1205 703 1267 saepe
723 1187 792 1247 alias
813 1194 841 1247 et
861 1187 1064 1248 adedeseentes'
1082 1196 1190 1249 contra
1205 1189 1239 1250 L.

171 1270 265 1332 Sullae
279 1270 457 1332 dominantis
473 1290 545 1351 opes
561 1289 616 1352 pro
635 1272 700 1333 Sex.
717 1271 825 1332 Roscio
841 1271 980 1333 Amerino
995 1273 1135 1349 fecimus,
1152 1293 1238 1354 quae,

169 1361 202 1418 ut
217 1355 284 1429 scis,
299 1362 377 1420 extat
392 1355 494 1419 oratio.

111 1444 152 1504 15
255 1441 313 1502 Sed
329 1443 470 1522 expositis
486 1441 712 1525 adidescentium
726 1442 830 1504 officiis
844 1460 916 1522 quae
931 1442 1044 1506 valeant
1058 1445 1094 1506 ad
1112 1446 1238 1526 gloriam

116 1539 148 1588 52
171 1526 402 1606 adipiscendam,
424 1527 560 1610 deinceps
583 1529 618 1588 de
637 1527 880 1590 beneficentia
901 1547 935 1590 ac
954 1529 990 1590 de
1011 1530 1237 1593 liberalitate

170 1611 324 1673 dicendum
345 1621 403 1674 est:
425 1614 506 1675 cuius
528 1621 572 1674 est
592 1614 665 1675 ratio
689 1614 803 1694 duplex.
833 1614 908 1675 Nam
929 1622 978 1676 aut
998 1619 1090 1694 opera
1109 1616 1237 1697 benigne

169 1699 201 1758 fit
214 1697 411 1776 indigentibus
428 1707 477 1761 aut
489 1699 770 1799 pedcupipffFacilior
785 1707 830 1761 est
840 1701 911 1761 haec
921 1701 1079 1779 posterior,
1094 1702 1237 1783 locupleti

168 1783 357 1863 praesertim,
378 1785 428 1846 sed
450 1784 496 1846 illa
516 1777 625 1847 lautior
638 1804 670 1846 ao
692 1785 871 1865 splendidior
891 1793 920 1846 et
934 1786 996 1846 viro
1012 1787 1081 1865 forti
1097 1789 1236 1868 claroque

170 1868 294 1948 dignior.
325 1870 510 1950 Quamquam
530 1870 608 1944 enim
631 1870 660 1954 ip
675 1878 800 1951 utroque
820 1871 896 1932 inest
910 1849 1092 1950 g‘iafiffbandi
1107 1873 1235 1936 liberalis

168 1954 312 2028 voluntas,
327 1962 425 2016 tamen
442 1955 528 2016 altera
543 1976 577 2016 ex
593 1953 672 2029 arca,
690 1957 778 2017 altera
793 1975 828 2017 ex
843 1956 947 2018 virtute
963 1958 1163 2036 depromitur,
1175 1960 1235 2020 lar·

169 2037 311 2119 gitioque,
335 2057 407 2119 quae
428 2040 460 2100 fit
475 2060 509 2100 ex
524 2049 559 2102 re'
572 2040 717 2116 familiari,
736 2045 847 2103 fontem
862 2042 959 2122 ipsum
975 2041 1167 2122 benignitatis
1183 2066 1234 2107 ex-

168 2125 273 2185 haurit.
301 2125 341 2185 lta
354 2124 529 2204 benignitate
540 2125 705 2204 benignitas
718 2127 835 2202 tollitur,
851 2147 907 2206 qua
923 2147 981 2207 quo
997 2129 1027 2189 in
1043 2130 1144 2209 plures
1160 2151 1235 2192 usus

116 2218 148 2268 53
171 2209 222 2283 sis,
238 2230 273 2271 eo
290 2210 387 2272 minus
404 2211 434 2272 in
449 2211 558 2273 multos
574 2211 616 2272 uti
631 2212 741 2292 possis.
772 2213 808 2273 At
824 2214 873 2293 qui
888 2231 991 2293 opera,
1008 2214 1037 2274 id
1053 2223 1112 2289 est,
1127 2216 1234 2278 virtute

94 2371 98 2377 1
167 2303 195 2357 et
206 2295 359 2371 industria,
375 2293 494 2358 benefici
507 2305 535 2358 et
545 2296 675 2359 liberales
688 2305 784 2372 erunt,
798 2298 929 2378 primum
941 2317 999 2378 quo
1010 2301 1146 2380 pluribus
1159 2322 1234 2382 pro-

168 2382 284 2455 fuerint,
300 2401 335 2443 eo
350 2382 449 2462 plures
465 2382 501 2444 ad
517 2382 641 2462 benigne
652 2383 818 2445 faciendum
829 2383 976 2446 adiutores
989 2385 1146 2460 habebunt,
1163 2389 1231 2450 dein

167 2466 378 2528 consuetudine
392 2469 552 2546 paratiores
575 2477 661 2530 erunt
676 2477 704 2529 et
718 2477 868 2549 tamquam
881 2471 1145 2542 exercitatioresad
1157 2473 1234 2535 bene

169 2551 205 2612 de
219 2551 318 2612 multis
334 2552 576 2630 promerendum.
602 2553 751 2643 Praeclare
772 2555 802 2614 in
817 2554 945 2642 epistula
965 2556 1088 2636 quadam
1103 2558 1231 2620 Alexan-

96 2732 105 2741 ·
200 2702 385 2772 51.depbiloso
403 2703 669 2756 biaadieselbeSebei-
723 2708 797 2757 seben
814 2706 989 2760 Verbiiltnisse
1010 2708 1092 2760 Rome.
1122 2709 1165 2760 Sie
1182 2711 1229 2762 be-

166 2772 376 2836 dung·zwischen
412 2775 496 2824 beorie
512 2775 561 2825 und
579 2773 668 2826 Praxis
722 2776 790 2826 steht
806 2776 935 2826 eutweder
951 2778 975 2827 in
993 2777 1106 2828 Thalen
1124 2779 1227 2830 oderiu

166 2842 214 2891 wie
227 2839 252 2906 ξ.
265 2841 306 2891 35.
723 2843 933 2894 Gesebeuken.
965 2844 1223 2908 C.15bespricbtdie

201 2913 290 2961 contra
297 2909 326 2960 L.
336 2907 421 2960 Stellae
432 2909 588 2961 decoloratio
600 2927 668 2980 opes.
722 2911 813 2977 Frage,
831 2913 925 2963 welche
938 2912 986 2964 Art
999 2917 1041 2964 der
1050 2911 1220 2976 Wolrltb'a’tig-
1292 2935 1298 2942 ·

166 2977 218 3028 Der
230 2977 337 3028 Process
354 2980 441 3028 warda
454 2979 504 3028 674
517 2977 567 3042 (80)
581 2979 613 3028 im
627 2980 667 3030 27.
722 2980 776 3031 leit
787 2981 956 3031 vorzuziehen
970 2984 1015 3033 sei.
1034 2981 1077 3032 llie
1087 2981 1163 3030 daron
1173 2979 1224 3031 Go-

166 3045 336 3110 Lebensjabre
354 3045 404 3098 Cic.
421 3045 530 3111 gefiibrt.
555 3046 668 3096 lusoferu
723 3049 830 3099 sebeniae
851 3047 1041 3114 Wohlth‘a'tigen
1059 3050 1113 3100 sind
1129 3057 1226 3101 entwe-

167 3113 356 3182 chrysogonus,
387 3116 432 3166 der
456 3114 591 3180 Giinstliug
619 3117 668 3165 und
722 3119 768 3167 der
783 3118 1030 3170 verscbwenderiscb
1053 3119 1187 3186 (prodigi)
1205 3138 1227 3171 c.

165 3183 342 3246 Freigelassne
359 3185 403 3234 des
419 3184 501 3246 Sulla,
520 3184 567 3252 ,mit
583 3185 668 3234 darein
724 3185 817 3248 16.1t,
836 3187 897 3236 oder
908 3185 1033 3252 freigebig
1045 3189 1194 3252 (liberales)
1207 3207 1231 3240 c.

164 3251 313 3302 verwielxell
334 3267 399 3315 war,
424 3252 592 3316 vertbeidigte
616 3252 667 3303 Cio.
724 3253 762 3303 18.
784 3253 1231 3322 DieinTlratensiobliundgebeu-

164 3320 269 3372 Roscius
283 3336 365 3384 gegen
374 3321 457 3372 Sullas
470 3319 642 3376 Uebermaebt.
721 3324 752 3372 de
763 3322 977 3386 Woblth'aitiglxeit
989 3325 1082 3376 riebtet
1092 3325 1146 3376 sich
1157 3327 1232 3378 tbeils

200 3379 251 3442 15.
270 3389 310 3439 52.
330 3389 361 3440 de
369 3391 539 3457 beneficentia.
558 3389 614 3442 Von
624 3392 670 3440 der
722 3387 801 3456 gegen
818 3390 940 3442 Einzelue
959 3409 980 3442 e.
1001 3393 1031 3442 19
1049 3411 1073 3444 u.
1089 3393 1136 3460 20,
1156 3396 1232 3446 theiis

164 3458 377 3522 Wobltb'atiglxeit
385 3459 419 3509 ist
428 3460 444 3522 l,
458 3459 495 3523 14,
506 3458 538 3509 42
548 3459 565 3509 f.
576 3460 614 3510 als
624 3460 670 3510 der
722 3475 802 3524 gegen
816 3461 863 3510 den
877 3459 949 3510 Staat
961 3473 981 3511 c.
994 3460 1024 3524 21
1040 3461 1066 3512 ff.

165 3527 389 3592 Uuterabtbcilung
402 3529 447 3578 der
456 3527 563 3579 zweiten
573 3529 669 3594 Haupt·
757 3552 888 3621 deincep„
901 3569 922 3604 θ’
935 3551 963 3618 §.'
975 3553 1005 3602 16
1018 3553 1117 3606 del-nde:

165 3597 258 3660 tugend
280 3599 446 3663 gesprocben,
470 3597 524 3647 bier
548 3597 611 3646 wird
632 3597 669 3646 sie
762 3648 767 3660 ,
932 3645 945 3656 ,,
1066 3647 1071 3658 ,
1176 3647 1181 3660 ,

19 3647 29 3664 ⁰
91 3719 92 3722 Ἴ
165 3663 669 3730 nacbder§.2laufgestellteuEintbei-
756 3646 989 3726 zpeaoqoenaml.
1006 3645 1233 3738 ,ΙῙΟΨῙΠΨΜΙΒΜ

163 3734 223 3798 lung
232 3734 373 3798 bebandelt,
386 3734 447 3784 eber
456 3732 517 3783 auch
527 3734 583 3783 bier
592 3733 670 3798 ledig-
724 3713 838 3764 ramme·
863 3713 954 3779 anm>
968 3714 991 3763 d·
1005 3729 1021 3764 ¹·
1034 3714 1148 3778 lffgstffl·

164 3801 212 3852 liob
230 3804 274 3853 mit
285 3802 422 3854 Riicltsieht
434 3801 479 3852 auf
488 3803 535 3852 den
549 3804 609 3853 nach
622 3804 669 3854 deu
757 3804 798 3855 53.
812 3804 982 3856 Praeclaram
993 3806 1111 3874 epistula.
1127 3807 1233 3859 DioEr-

166 3871 285 3921 hdebsten
307 3871 496 3924 Staatswtirden
519 3871 668 3922 strebcnden
724 3875 831 3937 z'dhlung
841 3873 914 3924 feitet
924 3874 971 3923 den
981 3874 1074 3924 dritten
1081 3873 1171 3926 Grund
1181 3877 1234 3942 eia,

164 3938 254 3990 lldmer
265 3941 314 3990 und
326 3940 372 3989 auf
383 3941 422 3990 die
436 3940 573 4004 damafigen
584 3939 669 4006 politi·
722 3942 833 3993 weshalb
846 3941 885 3991 die
898 3942 922 3993 in
933 3941 1029 3993 Thalen
1042 3943 1095 3995 sich
1106 3944 1175 3994 lund
1185 3960 1233 4010 ge-
