<?xml version="1.0" encoding="UTF-8"?>
<!DOCTYPE html PUBLIC "-//W3C//DTD XHTML 1.0 Transitional//EN"
    "http://www.w3.org/TR/xhtml1/DTD/xhtml1-transitional.dtd">
<html xmlns="http://www.w3.org/1999/xhtml" xml:lang="en" lang="en">
 <head>
  <title>
</title>
<meta http-equiv="Content-Type" content="text/html;charset=utf-8" />
  <meta name='ocr-system' content='tesseract 3.04.00' />
  <meta name='ocr-capabilities' content='ocr_page ocr_carea ocr_par ocr_line ocrx_word'/>
</head>
<body>
  <div class='ocr_page' id='page_1' title='image "./mtulliiciceroni00heingoog_0127.png"; bbox 0 0 2788 4486; ppageno 0'>
   <div class='ocr_carea' id='block_1_1' title="bbox 450 165 1172 283">
    <p class='ocr_par' dir='ltr' id='par_1_1' title="bbox 450 165 1172 283">
     <span class='ocr_line' id='line_1_1' title="bbox 450 165 1172 283; baseline 0.014 -10"><span class='ocrx_word' id='word_1_1' title='bbox 450 167 453 172; x_wconf 32' lang='lat'><strong><em>¹</em></strong></span> <span class='ocrx_word' id='word_1_2' title='bbox 506 199 608 275; x_wconf 69' lang='lat' dir='ltr'><strong>aran.</strong></span> <span class='ocrx_word' id='word_1_3' title='bbox 634 219 780 274; x_wconf 70' lang='lat' dir='ltr'><strong>carae.</strong></span> <span class='ocrx_word' id='word_1_4' title='bbox 868 165 872 172; x_wconf 36' lang='grc'><strong>’</strong></span> <span class='ocrx_word' id='word_1_5' title='bbox 1113 219 1172 283; x_wconf 80' lang='lat'><strong>123</strong></span> 
     </span>
    </p>
   </div>
   <div class='ocr_carea' id='block_1_2' title="bbox 19 372 1226 1136">
    <p class='ocr_par' dir='ltr' id='par_1_2' title="bbox 110 372 1173 455">
     <span class='ocr_line' id='line_1_2' title="bbox 110 372 1173 455; baseline -0.007 -14"><span class='ocrx_word' id='word_1_6' title='bbox 110 375 193 441; x_wconf 83' lang='lat' dir='ltr'><strong>enim</strong></span> <span class='ocrx_word' id='word_1_7' title='bbox 209 382 255 436; x_wconf 84' lang='lat' dir='ltr'><strong>est</strong></span> <span class='ocrx_word' id='word_1_8' title='bbox 269 392 328 436; x_wconf 88' lang='lat' dir='ltr'><strong>una</strong></span> <span class='ocrx_word' id='word_1_9' title='bbox 342 393 391 436; x_wconf 83' lang='lat' dir='ltr'><strong>res</strong></span> <span class='ocrx_word' id='word_1_10' title='bbox 406 392 541 455; x_wconf 89' lang='lat' dir='ltr'><strong>prorsus,</strong></span> <span class='ocrx_word' id='word_1_11' title='bbox 556 381 590 438; x_wconf 86' lang='lat' dir='ltr'><strong>ut</strong></span> <span class='ocrx_word' id='word_1_12' title='bbox 603 394 667 439; x_wconf 89' lang='lat' dir='ltr'><strong>non</strong></span> <span class='ocrx_word' id='word_1_13' title='bbox 681 375 807 438; x_wconf 89' lang='lat' dir='ltr'><strong>multum</strong></span> <span class='ocrx_word' id='word_1_14' title='bbox 821 373 935 435; x_wconf 81' lang='lat' dir='ltr'><strong>differat</strong></span> <span class='ocrx_word' id='word_1_15' title='bbox 948 372 1024 435; x_wconf 83' lang='lat' dir='ltr'><strong>inter</strong></span> <span class='ocrx_word' id='word_1_16' title='bbox 1039 387 1173 436; x_wconf 86' lang='lat' dir='ltr'><strong>summos</strong></span> 
     </span>
    </p>

    <p class='ocr_par' dir='ltr' id='par_1_3' title="bbox 19 453 1226 711">
     <span class='ocr_line' id='line_1_3' title="bbox 111 453 1173 541; baseline -0.005 -18"><span class='ocrx_word' id='word_1_17' title='bbox 111 469 141 524; x_wconf 80' lang='lat' dir='ltr'><strong>et</strong></span> <span class='ocrx_word' id='word_1_18' title='bbox 161 459 326 522; x_wconf 84' lang='lat' dir='ltr'><strong>mediocres</strong></span> <span class='ocrx_word' id='word_1_19' title='bbox 346 457 440 533; x_wconf 75' lang='lat' dir='ltr'><strong>viros,</strong></span> <span class='ocrx_word' id='word_1_20' title='bbox 465 479 555 541; x_wconf 83' lang='lat' dir='ltr'><strong>aeque</strong></span> <span class='ocrx_word' id='word_1_21' title='bbox 574 461 706 540; x_wconf 83' lang='lat' dir='ltr'><strong>utrisque</strong></span> <span class='ocrx_word' id='word_1_22' title='bbox 730 458 946 540; x_wconf 75' lang='lat' dir='ltr'>propemodum</span> <span class='ocrx_word' id='word_1_23' title='bbox 967 453 1173 538; x_wconf 83' lang='lat' dir='ltr'><strong>comparanda.</strong></span> 
     </span>
     <span class='ocr_line' id='line_1_4' title="bbox 111 543 1226 624; baseline -0.005 -15"><span class='ocrx_word' id='word_1_24' title='bbox 111 547 235 609; x_wconf 80' lang='lat' dir='ltr'><strong>Honore</strong></span> <span class='ocrx_word' id='word_1_25' title='bbox 250 552 279 605; x_wconf 82' lang='lat' dir='ltr'><strong>et</strong></span> <span class='ocrx_word' id='word_1_26' title='bbox 294 543 385 622; x_wconf 81' lang='lat' dir='ltr'><strong>gloria</strong></span> <span class='ocrx_word' id='word_1_27' title='bbox 397 552 425 606; x_wconf 87' lang='lat' dir='ltr'><strong>et</strong></span> <span class='ocrx_word' id='word_1_28' title='bbox 435 545 634 608; x_wconf 83' lang='lat' dir='ltr'><strong>benevolentia</strong></span> <span class='ocrx_word' id='word_1_29' title='bbox 645 545 750 607; x_wconf 82' lang='lat' dir='ltr'><strong>civium</strong></span> <span class='ocrx_word' id='word_1_30' title='bbox 762 545 887 606; x_wconf 83' lang='lat' dir='ltr'><strong>sortasse</strong></span> <span class='ocrx_word' id='word_1_31' title='bbox 896 561 958 607; x_wconf 92' lang='lat' dir='ltr'><strong>non</strong></span> <span class='ocrx_word' id='word_1_32' title='bbox 969 562 1059 624; x_wconf 82' lang='lat' dir='ltr'><strong>aequa</strong></span> <span class='ocrx_word' id='word_1_33' title='bbox 1071 559 1174 605; x_wconf 84' lang='lat' dir='ltr'><strong>omnes</strong></span> <span class='ocrx_word' id='word_1_34' title='bbox 1196 553 1226 604; x_wconf 81' lang='lat'><strong>31</strong></span> 
     </span>
     <span class='ocr_line' id='line_1_5' title="bbox 19 627 1175 711; baseline -0.003 -18"><span class='ocrx_word' id='word_1_35' title='bbox 19 675 21 704; x_wconf 23' lang='grc' dir='ltr'><em>ζ</em></span> <span class='ocrx_word' id='word_1_36' title='bbox 113 638 214 711; x_wconf 82' lang='lat' dir='ltr'><strong>agent,</strong></span> <span class='ocrx_word' id='word_1_37' title='bbox 237 630 288 690; x_wconf 87' lang='lat' dir='ltr'><strong>sed</strong></span> <span class='ocrx_word' id='word_1_38' title='bbox 308 637 419 704; x_wconf 87' lang='lat' dir='ltr'><strong>tamen,</strong></span> <span class='ocrx_word' id='word_1_39' title='bbox 440 629 464 692; x_wconf 91' lang='lat' dir='ltr'><strong>si</strong></span> <span class='ocrx_word' id='word_1_40' title='bbox 485 630 531 692; x_wconf 90' lang='lat' dir='ltr'><strong>cui</strong></span> <span class='ocrx_word' id='word_1_41' title='bbox 550 631 623 692; x_wconf 86' lang='lat' dir='ltr'><strong>haec</strong></span> <span class='ocrx_word' id='word_1_42' title='bbox 643 636 816 710; x_wconf 85' lang='lat' dir='ltr'><strong>suppetunt,</strong></span> <span class='ocrx_word' id='word_1_43' title='bbox 839 627 975 691; x_wconf 87' lang='lat' dir='ltr'><strong>adiuvant</strong></span> <span class='ocrx_word' id='word_1_44' title='bbox 994 628 1175 708; x_wconf 86' lang='lat' dir='ltr'><strong>aliquantum</strong></span> 
     </span>
    </p>

    <p class='ocr_par' dir='ltr' id='par_1_4' title="bbox 19 707 868 794">
     <span class='ocr_line' id='line_1_6' title="bbox 19 707 868 794; baseline 0 -20"><span class='ocrx_word' id='word_1_45' title='bbox 19 707 21 774; x_wconf 75' lang='grc' dir='ltr'>Ξ</span> <span class='ocrx_word' id='word_1_46' title='bbox 113 735 182 779; x_wconf 90' lang='lat' dir='ltr'><strong>cum</strong></span> <span class='ocrx_word' id='word_1_47' title='bbox 198 715 234 776; x_wconf 92' lang='lat' dir='ltr'><strong>ad</strong></span> <span class='ocrx_word' id='word_1_48' title='bbox 251 721 345 776; x_wconf 84' lang='lat' dir='ltr'><strong>cetera</strong></span> <span class='ocrx_word' id='word_1_49' title='bbox 359 721 423 776; x_wconf 89' lang='lat' dir='ltr'><strong>tum</strong></span> <span class='ocrx_word' id='word_1_50' title='bbox 439 715 473 776; x_wconf 92' lang='lat' dir='ltr'><strong>ad</strong></span> <span class='ocrx_word' id='word_1_51' title='bbox 490 714 630 778; x_wconf 81' lang='lat' dir='ltr'><strong>amicitias</strong></span> <span class='ocrx_word' id='word_1_52' title='bbox 646 713 868 794; x_wconf 86' lang='lat' dir='ltr'><strong>comparandas.</strong></span> 
     </span>
    </p>

    <p class='ocr_par' dir='ltr' id='par_1_5' title="bbox 20 797 1213 1136">
     <span class='ocr_line' id='line_1_7' title="bbox 20 797 1213 880; baseline -0.001 -19"><span class='ocrx_word' id='word_1_53' title='bbox 20 807 21 810; x_wconf 76' lang='grc'>’</span> <span class='ocrx_word' id='word_1_54' title='bbox 203 798 260 860; x_wconf 85' lang='lat' dir='ltr'><strong>Sed</strong></span> <span class='ocrx_word' id='word_1_55' title='bbox 273 799 308 859; x_wconf 89' lang='lat' dir='ltr'><strong>de</strong></span> <span class='ocrx_word' id='word_1_56' title='bbox 320 798 444 860; x_wconf 85' lang='lat' dir='ltr'><strong>amicitia</strong></span> <span class='ocrx_word' id='word_1_57' title='bbox 456 799 511 861; x_wconf 93' lang='lat' dir='ltr'><strong>alio</strong></span> <span class='ocrx_word' id='word_1_58' title='bbox 522 799 597 861; x_wconf 84' lang='lat' dir='ltr'><strong>libro</strong></span> <span class='ocrx_word' id='word_1_59' title='bbox 609 800 718 862; x_wconf 87' lang='lat' dir='ltr'><strong>dictum</strong></span> <span class='ocrx_word' id='word_1_60' title='bbox 730 807 782 874; x_wconf 86' lang='lat' dir='ltr'><strong>est,</strong></span> <span class='ocrx_word' id='word_1_61' title='bbox 794 798 844 877; x_wconf 85' lang='lat' dir='ltr'><strong>qni</strong></span> <span class='ocrx_word' id='word_1_62' title='bbox 854 797 1023 880; x_wconf 70' lang='lat' dir='ltr'><strong>inscribitur</strong></span> <span class='ocrx_word' id='word_1_63' title='bbox 1035 797 1175 871; x_wconf 82' lang='lat' dir='ltr'><strong>‚Laelius‘</strong></span> <span class='ocrx_word' id='word_1_64' title='bbox 1193 801 1213 860; x_wconf 83' lang='lat' dir='ltr'><strong>ll</strong></span> 
     </span>
     <span class='ocr_line' id='line_1_8' title="bbox 114 881 1179 966; baseline -0.005 -20"><span class='ocrx_word' id='word_1_65' title='bbox 114 885 203 948; x_wconf 89' lang='lat' dir='ltr'><strong>Nunc</strong></span> <span class='ocrx_word' id='word_1_66' title='bbox 217 883 348 945; x_wconf 90' lang='lat' dir='ltr'><strong>dicamus</strong></span> <span class='ocrx_word' id='word_1_67' title='bbox 364 884 401 944; x_wconf 87' lang='lat' dir='ltr'><strong>de</strong></span> <span class='ocrx_word' id='word_1_68' title='bbox 416 883 544 964; x_wconf 81' lang='lat' dir='ltr'><strong>gloria,</strong></span> <span class='ocrx_word' id='word_1_69' title='bbox 565 903 740 966; x_wconf 87' lang='lat' dir='ltr'><strong>quamquam</strong></span> <span class='ocrx_word' id='word_1_70' title='bbox 755 903 789 945; x_wconf 86' lang='lat' dir='ltr'><strong>ea</strong></span> <span class='ocrx_word' id='word_1_71' title='bbox 804 901 920 962; x_wconf 86' lang='lat' dir='ltr'><strong>quoque</strong></span> <span class='ocrx_word' id='word_1_72' title='bbox 935 881 972 943; x_wconf 87' lang='lat' dir='ltr'><strong>de</strong></span> <span class='ocrx_word' id='word_1_73' title='bbox 986 901 1018 943; x_wconf 85' lang='lat' dir='ltr'><strong>re</strong></span> <span class='ocrx_word' id='word_1_74' title='bbox 1033 883 1091 944; x_wconf 92' lang='lat' dir='ltr'><strong>duo</strong></span> <span class='ocrx_word' id='word_1_75' title='bbox 1107 889 1179 942; x_wconf 86' lang='lat' dir='ltr'><strong>sunt</strong></span> 
     </span>
     <span class='ocr_line' id='line_1_9' title="bbox 114 965 1177 1052; baseline -0.004 -22"><span class='ocrx_word' id='word_1_76' title='bbox 114 968 212 1047; x_wconf 83' lang='lat' dir='ltr'><strong>nostri</strong></span> <span class='ocrx_word' id='word_1_77' title='bbox 226 967 304 1042; x_wconf 85' lang='lat' dir='ltr'><strong>libri,</strong></span> <span class='ocrx_word' id='word_1_78' title='bbox 320 968 371 1029; x_wconf 85' lang='lat' dir='ltr'><strong>sed</strong></span> <span class='ocrx_word' id='word_1_79' title='bbox 387 969 577 1048; x_wconf 84' lang='lat' dir='ltr'><strong>attingamus,</strong></span> <span class='ocrx_word' id='word_1_80' title='bbox 593 969 711 1052; x_wconf 86' lang='lat' dir='ltr'><strong>quando</strong></span> <span class='ocrx_word' id='word_1_81' title='bbox 727 968 843 1048; x_wconf 86' lang='lat' dir='ltr'><strong>quidem</strong></span> <span class='ocrx_word' id='word_1_82' title='bbox 859 985 892 1029; x_wconf 85' lang='lat' dir='ltr'><strong>aa</strong></span> <span class='ocrx_word' id='word_1_83' title='bbox 905 967 936 1029; x_wconf 93' lang='lat' dir='ltr'><strong>in</strong></span> <span class='ocrx_word' id='word_1_84' title='bbox 951 966 1040 1029; x_wconf 84' lang='lat' dir='ltr'><strong>rebus</strong></span> <span class='ocrx_word' id='word_1_85' title='bbox 1053 965 1177 1032; x_wconf 86' lang='lat' dir='ltr'><strong>maiori·</strong></span> 
     </span>
     <span class='ocr_line' id='line_1_10' title="bbox 114 1051 1178 1136; baseline -0.003 -21"><span class='ocrx_word' id='word_1_86' title='bbox 114 1055 173 1116; x_wconf 90' lang='lat' dir='ltr'><strong>bus</strong></span> <span class='ocrx_word' id='word_1_87' title='bbox 189 1051 427 1115; x_wconf 82' lang='lat' dir='ltr'><strong>administrandis</strong></span> <span class='ocrx_word' id='word_1_88' title='bbox 442 1054 557 1116; x_wconf 87' lang='lat' dir='ltr'><strong>adiurat</strong></span> <span class='ocrx_word' id='word_1_89' title='bbox 570 1055 739 1136; x_wconf 89' lang='lat' dir='ltr'><strong>plurimum.</strong></span> <span class='ocrx_word' id='word_1_90' title='bbox 770 1053 892 1114; x_wconf 88' lang='lat' dir='ltr'><strong>Summa</strong></span> <span class='ocrx_word' id='word_1_91' title='bbox 906 1051 994 1131; x_wconf 79' lang='lat' dir='ltr'><strong>igitur</strong></span> <span class='ocrx_word' id='word_1_92' title='bbox 1008 1059 1038 1114; x_wconf 86' lang='lat' dir='ltr'><strong>et</strong></span> <span class='ocrx_word' id='word_1_93' title='bbox 1051 1052 1178 1132; x_wconf 81' lang='lat' dir='ltr'><strong>perfecta</strong></span> 
     </span>
    </p>
   </div>
   <div class='ocr_carea' id='block_1_3' title="bbox 19 1136 1177 1220">
    <p class='ocr_par' dir='ltr' id='par_1_6' title="bbox 19 1136 1177 1220">
     <span class='ocr_line' id='line_1_11' title="bbox 19 1136 1177 1220; baseline -0.004 -19"><span class='ocrx_word' id='word_1_94' title='bbox 19 1201 21 1218; x_wconf 72' lang='grc'>,</span> <span class='ocrx_word' id='word_1_95' title='bbox 115 1139 209 1220; x_wconf 79' lang='lat' dir='ltr'><strong>gloria</strong></span> <span class='ocrx_word' id='word_1_96' title='bbox 223 1145 339 1199; x_wconf 84' lang='lat' dir='ltr'><strong>constat</strong></span> <span class='ocrx_word' id='word_1_97' title='bbox 353 1157 389 1200; x_wconf 85' lang='lat' dir='ltr'><strong>ex</strong></span> <span class='ocrx_word' id='word_1_98' title='bbox 404 1137 497 1200; x_wconf 86' lang='lat' dir='ltr'><strong>trihus</strong></span> <span class='ocrx_word' id='word_1_99' title='bbox 512 1139 573 1200; x_wconf 90' lang='lat' dir='ltr'><strong>his:</strong></span> <span class='ocrx_word' id='word_1_100' title='bbox 601 1140 627 1200; x_wconf 88' lang='lat' dir='ltr'><strong>si</strong></span> <span class='ocrx_word' id='word_1_101' title='bbox 642 1138 733 1218; x_wconf 86' lang='lat' dir='ltr'><strong>diligit</strong></span> <span class='ocrx_word' id='word_1_102' title='bbox 747 1137 916 1212; x_wconf 86' lang='lat' dir='ltr'><strong>multitudo,</strong></span> <span class='ocrx_word' id='word_1_103' title='bbox 937 1137 961 1198; x_wconf 90' lang='lat' dir='ltr'><strong>si</strong></span> <span class='ocrx_word' id='word_1_104' title='bbox 977 1137 1065 1198; x_wconf 82' lang='lat' dir='ltr'><strong>iidem</strong></span> <span class='ocrx_word' id='word_1_105' title='bbox 1079 1136 1177 1208; x_wconf 85' lang='lat' dir='ltr'><strong>hahet,</strong></span> 
     </span>
    </p>
   </div>
   <div class='ocr_carea' id='block_1_4' title="bbox 116 1222 1177 1303">
    <p class='ocr_par' dir='ltr' id='par_1_7' title="bbox 116 1222 1177 1303">
     <span class='ocr_line' id='line_1_12' title="bbox 116 1222 1177 1303; baseline -0.004 -19"><span class='ocrx_word' id='word_1_106' title='bbox 116 1225 142 1284; x_wconf 88' lang='lat' dir='ltr'><strong>si</strong></span> <span class='ocrx_word' id='word_1_107' title='bbox 158 1242 225 1284; x_wconf 88' lang='lat' dir='ltr'><strong>cnm</strong></span> <span class='ocrx_word' id='word_1_108' title='bbox 246 1222 440 1284; x_wconf 88' lang='lat' dir='ltr'><strong>admiratione</strong></span> <span class='ocrx_word' id='word_1_109' title='bbox 460 1224 586 1303; x_wconf 84' lang='lat' dir='ltr'><strong>quadam</strong></span> <span class='ocrx_word' id='word_1_110' title='bbox 601 1225 716 1285; x_wconf 86' lang='lat' dir='ltr'><strong>honore</strong></span> <span class='ocrx_word' id='word_1_111' title='bbox 730 1222 835 1302; x_wconf 81' lang='lat' dir='ltr'><strong>dignos</strong></span> <span class='ocrx_word' id='word_1_112' title='bbox 856 1229 948 1303; x_wconf 88' lang='lat' dir='ltr'><strong>putat.</strong></span> <span class='ocrx_word' id='word_1_113' title='bbox 979 1222 1057 1283; x_wconf 91' lang='lat' dir='ltr'><strong>Haec</strong></span> <span class='ocrx_word' id='word_1_114' title='bbox 1070 1228 1177 1293; x_wconf 84' lang='lat' dir='ltr'><strong>antem,</strong></span> 
     </span>
    </p>
   </div>
   <div class='ocr_carea' id='block_1_5' title="bbox 19 1306 1277 1471">
    <p class='ocr_par' dir='ltr' id='par_1_8' title="bbox 19 1306 1277 1471">
     <span class='ocr_line' id='line_1_13' title="bbox 19 1306 1277 1395; baseline -0.004 -25"><span class='ocrx_word' id='word_1_115' title='bbox 19 1367 20 1390; x_wconf 16' lang='grc' dir='ltr'>ἶ</span> <span class='ocrx_word' id='word_1_116' title='bbox 116 1309 142 1370; x_wconf 88' lang='lat' dir='ltr'><strong>si</strong></span> <span class='ocrx_word' id='word_1_117' title='bbox 159 1316 205 1369; x_wconf 87' lang='lat' dir='ltr'><strong>est</strong></span> <span class='ocrx_word' id='word_1_118' title='bbox 220 1307 391 1387; x_wconf 84' lang='lat' dir='ltr'><strong>simpliciter</strong></span> <span class='ocrx_word' id='word_1_119' title='bbox 409 1309 592 1395; x_wconf 78' lang='lat' dir='ltr'><strong>breviterque</strong></span> <span class='ocrx_word' id='word_1_120' title='bbox 607 1309 778 1382; x_wconf 86' lang='lat' dir='ltr'><strong>dicendum,</strong></span> <span class='ocrx_word' id='word_1_121' title='bbox 800 1307 905 1386; x_wconf 85' lang='lat' dir='ltr'><strong>quibus</strong></span> <span class='ocrx_word' id='word_1_122' title='bbox 920 1306 1009 1367; x_wconf 87' lang='lat' dir='ltr'><strong>rebus</strong></span> <span class='ocrx_word' id='word_1_123' title='bbox 1024 1307 1179 1386; x_wconf 88' lang='lat' dir='ltr'><strong>pariuntur</strong></span> <span class='ocrx_word' id='word_1_124' title='bbox 1273 1377 1277 1386; x_wconf 88' lang='lat'><em>.</em></span> 
     </span>
     <span class='ocr_line' id='line_1_14' title="bbox 19 1389 1178 1471; baseline -0.004 -16"><span class='ocrx_word' id='word_1_125' title='bbox 19 1427 21 1440; x_wconf 63' lang='grc' dir='ltr'>ι</span> <span class='ocrx_word' id='word_1_126' title='bbox 116 1411 133 1455; x_wconf 90' lang='lat' dir='ltr'><strong>a</strong></span> <span class='ocrx_word' id='word_1_127' title='bbox 149 1391 284 1471; x_wconf 82' lang='lat' dir='ltr'><strong>singulis,</strong></span> <span class='ocrx_word' id='word_1_128' title='bbox 300 1392 409 1454; x_wconf 84' lang='lat' dir='ltr'><strong>eisdem</strong></span> <span class='ocrx_word' id='word_1_129' title='bbox 426 1393 485 1454; x_wconf 87' lang='lat' dir='ltr'><strong>iere</strong></span> <span class='ocrx_word' id='word_1_130' title='bbox 501 1414 517 1455; x_wconf 93' lang='lat' dir='ltr'><strong>a</strong></span> <span class='ocrx_word' id='word_1_131' title='bbox 531 1393 727 1459; x_wconf 85' lang='lat' dir='ltr'><strong>multitudino.</strong></span> <span class='ocrx_word' id='word_1_132' title='bbox 751 1393 816 1453; x_wconf 85' lang='lat' dir='ltr'><strong>&#39;Sed</strong></span> <span class='ocrx_word' id='word_1_133' title='bbox 832 1391 965 1452; x_wconf 81' lang='lat' dir='ltr'><strong>astallus</strong></span> <span class='ocrx_word' id='word_1_134' title='bbox 981 1409 1098 1470; x_wconf 87' lang='lat' dir='ltr'><strong>quoque</strong></span> <span class='ocrx_word' id='word_1_135' title='bbox 1112 1389 1178 1469; x_wconf 90' lang='lat' dir='ltr'><strong>qni-</strong></span> 
     </span>
    </p>
   </div>
   <div class='ocr_carea' id='block_1_6' title="bbox 20 1476 1232 1822">
    <p class='ocr_par' dir='ltr' id='par_1_9' title="bbox 20 1476 1232 1822">
     <span class='ocr_line' id='line_1_15' title="bbox 116 1476 1179 1554; baseline -0.004 -16"><span class='ocrx_word' id='word_1_136' title='bbox 116 1477 185 1540; x_wconf 88' lang='lat' dir='ltr'><strong>dam</strong></span> <span class='ocrx_word' id='word_1_137' title='bbox 201 1477 295 1538; x_wconf 89' lang='lat' dir='ltr'><strong>aditus</strong></span> <span class='ocrx_word' id='word_1_138' title='bbox 311 1476 347 1538; x_wconf 95' lang='lat' dir='ltr'><strong>ad</strong></span> <span class='ocrx_word' id='word_1_139' title='bbox 358 1477 582 1554; x_wconf 81' lang='lat' dir='ltr'><strong>multitudinem,</strong></span> <span class='ocrx_word' id='word_1_140' title='bbox 597 1487 630 1539; x_wconf 90' lang='lat' dir='ltr'><strong>ut</strong></span> <span class='ocrx_word' id='word_1_141' title='bbox 645 1479 675 1539; x_wconf 92' lang='lat' dir='ltr'><strong>in</strong></span> <span class='ocrx_word' id='word_1_142' title='bbox 686 1477 891 1540; x_wconf 87' lang='lat' dir='ltr'><strong>universorum</strong></span> <span class='ocrx_word' id='word_1_143' title='bbox 903 1476 1018 1536; x_wconf 87' lang='lat' dir='ltr'><strong>animos</strong></span> <span class='ocrx_word' id='word_1_144' title='bbox 1029 1483 1179 1554; x_wconf 86' lang='lat' dir='ltr'><strong>tamquam</strong></span> 
     </span>
     <span class='ocr_line' id='line_1_16' title="bbox 115 1559 1232 1644; baseline -0.001 -21"><span class='ocrx_word' id='word_1_145' title='bbox 115 1561 239 1623; x_wconf 87' lang='lat' dir='ltr'><strong>influere</strong></span> <span class='ocrx_word' id='word_1_146' title='bbox 254 1561 415 1641; x_wconf 70' lang='lat' dir='ltr'><strong>possimus·</strong></span> <span class='ocrx_word' id='word_1_147' title='bbox 443 1563 624 1644; x_wconf 78' lang='lat' dir='ltr'><strong>deprimam</strong></span> <span class='ocrx_word' id='word_1_148' title='bbox 641 1563 677 1624; x_wconf 89' lang='lat' dir='ltr'><strong>de</strong></span> <span class='ocrx_word' id='word_1_149' title='bbox 692 1561 747 1623; x_wconf 90' lang='lat' dir='ltr'><strong>illis</strong></span> <span class='ocrx_word' id='word_1_150' title='bbox 758 1561 862 1634; x_wconf 86' lang='lat' dir='ltr'><strong>tribus,</strong></span> <span class='ocrx_word' id='word_1_151' title='bbox 877 1579 951 1641; x_wconf 82' lang='lat' dir='ltr'><strong>qnae</strong></span> <span class='ocrx_word' id='word_1_152' title='bbox 964 1567 1030 1621; x_wconf 81' lang='lat' dir='ltr'><strong>anta</strong></span> <span class='ocrx_word' id='word_1_153' title='bbox 1045 1559 1110 1632; x_wconf 83' lang='lat' dir='ltr'><strong>dixi,</strong></span> <span class='ocrx_word' id='word_1_154' title='bbox 1125 1559 1177 1620; x_wconf 86' lang='lat' dir='ltr'><strong>he·</strong></span> <span class='ocrx_word' id='word_1_155' title='bbox 1200 1571 1232 1622; x_wconf 80' lang='lat'><strong>32</strong></span> 
     </span>
     <span class='ocr_line' id='line_1_17' title="bbox 115 1642 1178 1727; baseline -0.005 -19"><span class='ocrx_word' id='word_1_156' title='bbox 115 1646 297 1708; x_wconf 83' lang='lat' dir='ltr'><strong>nevolentiao</strong></span> <span class='ocrx_word' id='word_1_157' title='bbox 311 1655 465 1727; x_wconf 84' lang='lat' dir='ltr'><strong>praecepta</strong></span> <span class='ocrx_word' id='word_1_158' title='bbox 485 1649 651 1722; x_wconf 82' lang='lat' dir='ltr'><strong>videamus,</strong></span> <span class='ocrx_word' id='word_1_159' title='bbox 672 1666 746 1726; x_wconf 88' lang='lat' dir='ltr'><strong>quae</strong></span> <span class='ocrx_word' id='word_1_160' title='bbox 765 1645 883 1725; x_wconf 88' lang='lat' dir='ltr'><strong>quidem</strong></span> <span class='ocrx_word' id='word_1_161' title='bbox 903 1645 1015 1724; x_wconf 89' lang='lat' dir='ltr'><strong>capitur</strong></span> <span class='ocrx_word' id='word_1_162' title='bbox 1029 1642 1178 1705; x_wconf 87' lang='lat' dir='ltr'><strong>boneficiis</strong></span> 
     </span>
     <span class='ocr_line' id='line_1_18' title="bbox 20 1728 1178 1822; baseline -0.003 -30"><span class='ocrx_word' id='word_1_163' title='bbox 20 1771 21 1822; x_wconf 67' lang='lat' dir='ltr'><strong>l</strong></span> <span class='ocrx_word' id='word_1_164' title='bbox 115 1731 251 1804; x_wconf 84' lang='lat' dir='ltr'><strong>marimo,</strong></span> <span class='ocrx_word' id='word_1_165' title='bbox 269 1732 402 1793; x_wconf 89' lang='lat' dir='ltr'><strong>secundo</strong></span> <span class='ocrx_word' id='word_1_166' title='bbox 417 1741 514 1794; x_wconf 85' lang='lat' dir='ltr'><strong>antem</strong></span> <span class='ocrx_word' id='word_1_167' title='bbox 524 1734 591 1794; x_wconf 90' lang='lat' dir='ltr'><strong>loco</strong></span> <span class='ocrx_word' id='word_1_168' title='bbox 603 1734 751 1794; x_wconf 86' lang='lat' dir='ltr'><strong>voluntate</strong></span> <span class='ocrx_word' id='word_1_169' title='bbox 761 1731 891 1792; x_wconf 86' lang='lat' dir='ltr'><strong>benefica</strong></span> <span class='ocrx_word' id='word_1_170' title='bbox 901 1728 1100 1790; x_wconf 82' lang='lat' dir='ltr'><strong>benevolentia</strong></span> <span class='ocrx_word' id='word_1_171' title='bbox 1112 1747 1178 1789; x_wconf 92' lang='lat' dir='ltr'><strong>mo·</strong></span> 
     </span>
    </p>
   </div>
   <div class='ocr_carea' id='block_1_7' title="bbox 147 1895 1180 1969">
    <p class='ocr_par' dir='ltr' id='par_1_10' title="bbox 147 1895 1180 1969">
     <span class='ocr_line' id='line_1_19' title="bbox 147 1895 1180 1969; baseline -0.001 -21"><span class='ocrx_word' id='word_1_172' title='bbox 147 1915 227 1965; x_wconf 80' lang='lat' dir='ltr'><strong>aeque</strong></span> <span class='ocrx_word' id='word_1_173' title='bbox 246 1902 363 1966; x_wconf 77' lang='lat' dir='ltr'><strong>almaque</strong></span> <span class='ocrx_word' id='word_1_174' title='bbox 380 1916 455 1969; x_wconf 82' lang='lat' dir='ltr'><strong>prop.</strong></span> <span class='ocrx_word' id='word_1_175' title='bbox 491 1901 537 1952; x_wconf 86' lang='lat' dir='ltr'><strong>Dic</strong></span> <span class='ocrx_word' id='word_1_176' title='bbox 554 1901 621 1952; x_wconf 86' lang='lat' dir='ltr'><strong>Coo·</strong></span> <span class='ocrx_word' id='word_1_177' title='bbox 673 1899 741 1949; x_wconf 84' lang='lat'><strong>-38</strong></span> <span class='ocrx_word' id='word_1_178' title='bbox 753 1899 861 1950; x_wconf 85' lang='lat' dir='ltr'><strong>bestelrt.</strong></span> <span class='ocrx_word' id='word_1_179' title='bbox 886 1897 968 1950; x_wconf 84' lang='lat' dir='ltr'><strong>Uebcr</strong></span> <span class='ocrx_word' id='word_1_180' title='bbox 979 1897 1024 1948; x_wconf 85' lang='lat' dir='ltr'><strong>das</strong></span> <span class='ocrx_word' id='word_1_181' title='bbox 1036 1895 1180 1948; x_wconf 88' lang='lat' dir='ltr'><strong>Wohlwol-</strong></span> 
     </span>
    </p>
   </div>
   <div class='ocr_carea' id='block_1_8' title="bbox 19 1953 1182 2114">
    <p class='ocr_par' dir='ltr' id='par_1_11' title="bbox 19 1953 1182 2114">
     <span class='ocr_line' id='line_1_20' title="bbox 19 1953 1180 2030; baseline -0.002 -14"><span class='ocrx_word' id='word_1_182' title='bbox 19 1953 21 1988; x_wconf 70' lang='lat'><em>‘</em></span> <span class='ocrx_word' id='word_1_183' title='bbox 115 1967 241 2016; x_wconf 65' lang='lat' dir='ltr'><strong>sanction</strong></span> <span class='ocrx_word' id='word_1_184' title='bbox 264 1967 299 2018; x_wconf 84' lang='lat' dir='ltr'><strong>ist</strong></span> <span class='ocrx_word' id='word_1_185' title='bbox 327 1969 389 2018; x_wconf 80' lang='lat' dir='ltr'><strong>daec</strong></span> <span class='ocrx_word' id='word_1_186' title='bbox 413 1973 480 2020; x_wconf 79' lang='lat' dir='ltr'><strong>mam</strong></span> <span class='ocrx_word' id='word_1_187' title='bbox 502 1985 555 2020; x_wconf 83' lang='lat' dir='ltr'><strong>uua</strong></span> <span class='ocrx_word' id='word_1_188' title='bbox 571 1983 621 2020; x_wconf 71' lang='lat' dir='ltr'><strong>&#39;ros</strong></span> <span class='ocrx_word' id='word_1_189' title='bbox 675 1967 728 2030; x_wconf 83' lang='lat' dir='ltr'><strong>lon,</strong></span> <span class='ocrx_word' id='word_1_190' title='bbox 746 1967 865 2016; x_wconf 77' lang='lat' dir='ltr'><strong>woriilaar</strong></span> <span class='ocrx_word' id='word_1_191' title='bbox 882 1965 1079 2016; x_wconf 84' lang='lat' dir='ltr'><strong>obonschonim</strong></span> <span class='ocrx_word' id='word_1_192' title='bbox 1091 1963 1180 2028; x_wconf 76' lang='lat' dir='ltr'><strong>Allge-</strong></span> 
     </span>
     <span class='ocr_line' id='line_1_21' title="bbox 19 2033 1182 2114; baseline -0.002 -30"><span class='ocrx_word' id='word_1_193' title='bbox 19 2087 21 2114; x_wconf 58' lang='grc' dir='ltr'>Ι</span> <span class='ocrx_word' id='word_1_194' title='bbox 112 2049 226 2102; x_wconf 77' lang='lat' dir='ltr'><strong>prorsus</strong></span> <span class='ocrx_word' id='word_1_195' title='bbox 238 2035 472 2103; x_wconf 60' lang='lat' dir='ltr'><strong>conparandum,</strong></span> <span class='ocrx_word' id='word_1_196' title='bbox 493 2042 519 2086; x_wconf 83' lang='lat' dir='ltr'><strong>et</strong></span> <span class='ocrx_word' id='word_1_197' title='bbox 528 2052 623 2105; x_wconf 80' lang='lat' dir='ltr'><strong>prope·</strong></span> <span class='ocrx_word' id='word_1_198' title='bbox 675 2036 773 2084; x_wconf 76' lang='lat' dir='ltr'><strong>meineri</strong></span> <span class='ocrx_word' id='word_1_199' title='bbox 783 2035 935 2100; x_wconf 77' lang='lat' dir='ltr'><strong>gesprachen</strong></span> <span class='ocrx_word' id='word_1_200' title='bbox 944 2034 988 2096; x_wconf 88' lang='lat' dir='ltr'><strong>ist,</strong></span> <span class='ocrx_word' id='word_1_201' title='bbox 1000 2039 1093 2083; x_wconf 84' lang='lat' dir='ltr'><strong>mussto</strong></span> <span class='ocrx_word' id='word_1_202' title='bbox 1103 2033 1182 2084; x_wconf 85' lang='lat' dir='ltr'><strong>daher</strong></span> 
     </span>
    </p>
   </div>
   <div class='ocr_carea' id='block_1_9' title="bbox 114 2101 1209 2436">
    <p class='ocr_par' dir='ltr' id='par_1_12' title="bbox 114 2101 1209 2436">
     <span class='ocr_line' id='line_1_22' title="bbox 114 2101 1209 2170; baseline -0.002 -19"><span class='ocrx_word' id='word_1_203' title='bbox 114 2101 220 2152; x_wconf 85' lang='lat' dir='ltr'><strong>modum</strong></span> <span class='ocrx_word' id='word_1_204' title='bbox 236 2117 315 2168; x_wconf 78' lang='lat' dir='ltr'><strong>aequa</strong></span> <span class='ocrx_word' id='word_1_205' title='bbox 330 2105 455 2170; x_wconf 73' lang='lat' dir='ltr'><strong>almaque.</strong></span> <span class='ocrx_word' id='word_1_206' title='bbox 483 2105 530 2154; x_wconf 88' lang='lat' dir='ltr'><strong>Die</strong></span> <span class='ocrx_word' id='word_1_207' title='bbox 547 2104 622 2154; x_wconf 89' lang='lat' dir='ltr'><strong>lldss.</strong></span> <span class='ocrx_word' id='word_1_208' title='bbox 675 2102 910 2152; x_wconf 82' lang='lat' dir='ltr'><strong>hiernachmalsinr</strong></span> <span class='ocrx_word' id='word_1_209' title='bbox 920 2101 1181 2164; x_wconf 71' lang='lat' dir='ltr'><strong>Besondcrengehan-</strong></span> <span class='ocrx_word' id='word_1_210' title='bbox 1206 2139 1209 2144; x_wconf 85' lang='grc'>.</span> 
     </span>
     <span class='ocr_line' id='line_1_23' title="bbox 114 2167 1181 2242; baseline -0.001 -24"><span class='ocrx_word' id='word_1_211' title='bbox 114 2169 195 2219; x_wconf 84' lang='lat' dir='ltr'><strong>haben</strong></span> <span class='ocrx_word' id='word_1_212' title='bbox 216 2185 295 2236; x_wconf 81' lang='lat' dir='ltr'><strong>caque</strong></span> <span class='ocrx_word' id='word_1_213' title='bbox 314 2174 430 2236; x_wconf 79' lang='lat' dir='ltr'><strong>atrisque</strong></span> <span class='ocrx_word' id='word_1_214' title='bbox 450 2177 490 2222; x_wconf 79' lang='lat' dir='ltr'><strong>est</strong></span> <span class='ocrx_word' id='word_1_215' title='bbox 503 2187 578 2242; x_wconf 82' lang='lat' dir='ltr'><strong>prop.</strong></span> <span class='ocrx_word' id='word_1_216' title='bbox 596 2187 624 2239; x_wconf 84' lang='lat' dir='ltr'><strong>c,</strong></span> <span class='ocrx_word' id='word_1_217' title='bbox 677 2171 730 2220; x_wconf 91' lang='lat' dir='ltr'><strong>delt</strong></span> <span class='ocrx_word' id='word_1_218' title='bbox 742 2171 852 2220; x_wconf 86' lang='lat' dir='ltr'><strong>werden.</strong></span> <span class='ocrx_word' id='word_1_219' title='bbox 878 2168 937 2218; x_wconf 80' lang='lat' dir='ltr'><strong>Allo</strong></span> <span class='ocrx_word' id='word_1_220' title='bbox 957 2170 1011 2218; x_wconf 84' lang='lat' dir='ltr'><strong>drei</strong></span> <span class='ocrx_word' id='word_1_221' title='bbox 1028 2167 1116 2218; x_wconf 85' lang='lat' dir='ltr'><strong>Theile</strong></span> <span class='ocrx_word' id='word_1_222' title='bbox 1136 2169 1181 2218; x_wconf 83' lang='lat' dir='ltr'><strong>des</strong></span> 
     </span>
     <span class='ocr_line' id='line_1_24' title="bbox 114 2234 1181 2303; baseline -0.001 -18"><span class='ocrx_word' id='word_1_223' title='bbox 114 2237 198 2286; x_wconf 78' lang='lat' dir='ltr'><strong>wolrei</strong></span> <span class='ocrx_word' id='word_1_224' title='bbox 215 2239 292 2288; x_wconf 81' lang='lat' dir='ltr'><strong>achon</strong></span> <span class='ocrx_word' id='word_1_225' title='bbox 309 2239 348 2287; x_wconf 87' lang='lat' dir='ltr'><strong>dic</strong></span> <span class='ocrx_word' id='word_1_226' title='bbox 361 2239 505 2303; x_wconf 75' lang='lat' dir='ltr'><strong>Erkldrung</strong></span> <span class='ocrx_word' id='word_1_227' title='bbox 520 2239 566 2289; x_wconf 88' lang='lat' dir='ltr'><strong>dar</strong></span> <span class='ocrx_word' id='word_1_228' title='bbox 581 2255 624 2290; x_wconf 84' lang='lat' dir='ltr'><strong>or·</strong></span> <span class='ocrx_word' id='word_1_229' title='bbox 677 2237 771 2288; x_wconf 82' lang='lat' dir='ltr'><strong>Ruhms</strong></span> <span class='ocrx_word' id='word_1_230' title='bbox 788 2236 892 2288; x_wconf 84' lang='lat' dir='ltr'><strong>erwirbt</strong></span> <span class='ocrx_word' id='word_1_231' title='bbox 903 2251 959 2287; x_wconf 87' lang='lat' dir='ltr'><strong>man</strong></span> <span class='ocrx_word' id='word_1_232' title='bbox 972 2237 1024 2286; x_wconf 86' lang='lat' dir='ltr'><strong>sich</strong></span> <span class='ocrx_word' id='word_1_233' title='bbox 1038 2237 1116 2286; x_wconf 85' lang='lat' dir='ltr'><strong>durch</strong></span> <span class='ocrx_word' id='word_1_234' title='bbox 1130 2234 1181 2284; x_wconf 74' lang='lat' dir='ltr'><strong>Ga·</strong></span> 
     </span>
     <span class='ocr_line' id='line_1_25' title="bbox 115 2301 1182 2374; baseline -0.002 -20"><span class='ocrx_word' id='word_1_235' title='bbox 115 2311 174 2354; x_wconf 83' lang='lat' dir='ltr'><strong>stan</strong></span> <span class='ocrx_word' id='word_1_236' title='bbox 186 2303 281 2353; x_wconf 79' lang='lat' dir='ltr'><strong>Wortc</strong></span> <span class='ocrx_word' id='word_1_237' title='bbox 298 2306 359 2354; x_wconf 82' lang='lat' dir='ltr'><strong>daec</strong></span> <span class='ocrx_word' id='word_1_238' title='bbox 376 2309 415 2355; x_wconf 85' lang='lat' dir='ltr'><strong>cst</strong></span> <span class='ocrx_word' id='word_1_239' title='bbox 431 2321 482 2356; x_wconf 86' lang='lat' dir='ltr'><strong>uua</strong></span> <span class='ocrx_word' id='word_1_240' title='bbox 497 2322 539 2356; x_wconf 82' lang='lat' dir='ltr'><strong>rec</strong></span> <span class='ocrx_word' id='word_1_241' title='bbox 548 2323 625 2374; x_wconf 81' lang='lat' dir='ltr'><strong>pror-</strong></span> <span class='ocrx_word' id='word_1_242' title='bbox 679 2305 830 2367; x_wconf 78' lang='lat' dir='ltr'><strong>rochtiglreit</strong></span> <span class='ocrx_word' id='word_1_243' title='bbox 843 2303 868 2370; x_wconf 65' lang='grc' dir='ltr'><strong>ξ.</strong></span> <span class='ocrx_word' id='word_1_244' title='bbox 881 2303 990 2354; x_wconf 81' lang='grc'><strong>38-45.</strong></span> <span class='ocrx_word' id='word_1_245' title='bbox 1022 2301 1119 2353; x_wconf 76' lang='lat' dir='ltr'><strong>Durani</strong></span> <span class='ocrx_word' id='word_1_246' title='bbox 1132 2302 1182 2352; x_wconf 81' lang='lat' dir='ltr'><strong>l&#39;ol-</strong></span> 
     </span>
     <span class='ocr_line' id='line_1_26' title="bbox 116 2369 1184 2436; baseline 0 -16"><span class='ocrx_word' id='word_1_247' title='bbox 116 2371 625 2436; x_wconf 76' lang='lat' dir='ltr'><strong>our,utgrosseSchwicrigkcitenmoclrt.</strong></span> <span class='ocrx_word' id='word_1_248' title='bbox 679 2388 726 2436; x_wconf 79' lang='lat' dir='ltr'><strong>gen</strong></span> <span class='ocrx_word' id='word_1_249' title='bbox 738 2369 997 2422; x_wconf 81' lang='lat' dir='ltr'><strong>Einzolvorschriltcn</strong></span> <span class='ocrx_word' id='word_1_250' title='bbox 1008 2370 1072 2421; x_wconf 83' lang='lat' dir='ltr'><strong>‘u&#39;ber</strong></span> <span class='ocrx_word' id='word_1_251' title='bbox 1084 2370 1125 2420; x_wconf 85' lang='lat' dir='ltr'><strong>die</strong></span> <span class='ocrx_word' id='word_1_252' title='bbox 1135 2371 1184 2420; x_wconf 82' lang='lat' dir='ltr'><strong>Er·</strong></span> 
     </span>
    </p>
   </div>
   <div class='ocr_carea' id='block_1_10' title="bbox 19 2437 1183 2575">
    <p class='ocr_par' dir='ltr' id='par_1_13' title="bbox 19 2437 1183 2575">
     <span class='ocr_line' id='line_1_27' title="bbox 19 2437 1183 2502; baseline 0.001 -15"><span class='ocrx_word' id='word_1_253' title='bbox 19 2443 21 2460; x_wconf 87' lang='lat'><strong>¹</strong></span> <span class='ocrx_word' id='word_1_254' title='bbox 115 2437 145 2487; x_wconf 88' lang='lat' dir='ltr'><strong>In</strong></span> <span class='ocrx_word' id='word_1_255' title='bbox 162 2438 209 2486; x_wconf 89' lang='lat' dir='ltr'><strong>der</strong></span> <span class='ocrx_word' id='word_1_256' title='bbox 229 2439 324 2488; x_wconf 86' lang='lat' dir='ltr'><strong>andern</strong></span> <span class='ocrx_word' id='word_1_257' title='bbox 345 2437 429 2490; x_wconf 72' lang='lat' dir='ltr'><strong>traina</strong></span> <span class='ocrx_word' id='word_1_258' title='bbox 450 2441 566 2490; x_wconf 78' lang='lat' dir='ltr'><strong>erkldrcn</strong></span> <span class='ocrx_word' id='word_1_259' title='bbox 585 2442 624 2493; x_wconf 85' lang='lat' dir='ltr'><strong>dia</strong></span> <span class='ocrx_word' id='word_1_260' title='bbox 679 2440 801 2502; x_wconf 68' lang='lat' dir='ltr'><strong>wer-hung</strong></span> <span class='ocrx_word' id='word_1_261' title='bbox 818 2440 862 2490; x_wconf 87' lang='lat' dir='ltr'><strong>des</strong></span> <span class='ocrx_word' id='word_1_262' title='bbox 878 2438 971 2489; x_wconf 83' lang='lat' dir='ltr'><strong>Ruhms</strong></span> <span class='ocrx_word' id='word_1_263' title='bbox 988 2439 1066 2488; x_wconf 88' lang='lat' dir='ltr'><strong>durch</strong></span> <span class='ocrx_word' id='word_1_264' title='bbox 1077 2437 1183 2501; x_wconf 71' lang='lat' dir='ltr'><strong>ltriegs-</strong></span> 
     </span>
     <span class='ocr_line' id='line_1_28' title="bbox 19 2504 1182 2575; baseline 0.002 -21"><span class='ocrx_word' id='word_1_265' title='bbox 19 2527 22 2546; x_wconf 64' lang='grc' dir='ltr'>ι</span> <span class='ocrx_word' id='word_1_266' title='bbox 116 2505 213 2555; x_wconf 84' lang='lat' dir='ltr'><strong>Loxioa</strong></span> <span class='ocrx_word' id='word_1_267' title='bbox 241 2506 428 2575; x_wconf 78' lang='lat' dir='ltr'><strong>propemodum</strong></span> <span class='ocrx_word' id='word_1_268' title='bbox 460 2507 505 2558; x_wconf 84' lang='lat' dir='ltr'><strong>aui</strong></span> <span class='ocrx_word' id='word_1_269' title='bbox 527 2510 623 2572; x_wconf 81' lang='lat' dir='ltr'><strong>gleiche</strong></span> <span class='ocrx_word' id='word_1_270' title='bbox 678 2510 765 2558; x_wconf 79' lang='lat' dir='ltr'><strong>theton</strong></span> <span class='ocrx_word' id='word_1_271' title='bbox 783 2504 863 2573; x_wconf 71' lang='lat'><strong>§.45&#39;,</strong></span> <span class='ocrx_word' id='word_1_272' title='bbox 885 2506 932 2556; x_wconf 84' lang='lat' dir='ltr'><strong>den</strong></span> <span class='ocrx_word' id='word_1_273' title='bbox 948 2505 1061 2570; x_wconf 74' lang='lat' dir='ltr'><strong>Umgang</strong></span> <span class='ocrx_word' id='word_1_274' title='bbox 1076 2507 1121 2556; x_wconf 86' lang='lat' dir='ltr'><strong>mit</strong></span> <span class='ocrx_word' id='word_1_275' title='bbox 1138 2506 1182 2556; x_wconf 84' lang='lat' dir='ltr'><strong>be-</strong></span> 
     </span>
    </p>
   </div>
   <div class='ocr_carea' id='block_1_11' title="bbox 116 2571 1183 2642">
    <p class='ocr_par' dir='ltr' id='par_1_14' title="bbox 116 2571 1183 2642">
     <span class='ocr_line' id='line_1_29' title="bbox 116 2571 1183 2642; baseline 0.001 -20"><span class='ocrx_word' id='word_1_276' title='bbox 116 2571 221 2635; x_wconf 85' lang='lat' dir='ltr'><strong>Wcisc,</strong></span> <span class='ocrx_word' id='word_1_277' title='bbox 243 2589 296 2624; x_wconf 86' lang='lat' dir='ltr'><strong>was</strong></span> <span class='ocrx_word' id='word_1_278' title='bbox 310 2590 338 2624; x_wconf 86' lang='lat' dir='ltr'><strong>es</strong></span> <span class='ocrx_word' id='word_1_279' title='bbox 354 2575 395 2626; x_wconf 89' lang='lat' dir='ltr'><strong>nia</strong></span> <span class='ocrx_word' id='word_1_280' title='bbox 411 2576 536 2628; x_wconf 83' lang='lat' dir='ltr'><strong>bedenten</strong></span> <span class='ocrx_word' id='word_1_281' title='bbox 548 2577 622 2642; x_wconf 83' lang='lat' dir='ltr'><strong>kann,</strong></span> <span class='ocrx_word' id='word_1_282' title='bbox 678 2576 793 2626; x_wconf 85' lang='lat' dir='ltr'><strong>riihrntcn</strong></span> <span class='ocrx_word' id='word_1_283' title='bbox 812 2573 934 2624; x_wconf 76' lang='lat' dir='ltr'><strong>Milonem</strong></span> <span class='ocrx_word' id='word_1_284' title='bbox 951 2573 976 2639; x_wconf 66' lang='grc' dir='ltr'><strong>ξ.</strong></span> <span class='ocrx_word' id='word_1_285' title='bbox 989 2573 1066 2638; x_wconf 70' lang='lat' dir='ltr'><strong>aar„</strong></span> <span class='ocrx_word' id='word_1_286' title='bbox 1088 2575 1183 2624; x_wconf 73' lang='lat' dir='ltr'><strong>nered-</strong></span> 
     </span>
    </p>
   </div>
   <div class='ocr_carea' id='block_1_12' title="bbox 19 2641 939 2718">
    <p class='ocr_par' dir='ltr' id='par_1_15' title="bbox 19 2641 939 2718">
     <span class='ocr_line' id='line_1_30' title="bbox 19 2641 939 2718; baseline 0.002 -29"><span class='ocrx_word' id='word_1_287' title='bbox 19 2691 21 2718; x_wconf 59' lang='lat'><em>,</em></span> <span class='ocrx_word' id='word_1_288' title='bbox 117 2641 220 2690; x_wconf 82' lang='lat' dir='ltr'><strong>Anderc</strong></span> <span class='ocrx_word' id='word_1_289' title='bbox 237 2642 341 2692; x_wconf 85' lang='lat' dir='ltr'><strong>wollten</strong></span> <span class='ocrx_word' id='word_1_290' title='bbox 355 2658 383 2692; x_wconf 86' lang='lat' dir='ltr'><strong>es</strong></span> <span class='ocrx_word' id='word_1_291' title='bbox 395 2643 441 2694; x_wconf 85' lang='lat' dir='ltr'><strong>aul</strong></span> <span class='ocrx_word' id='word_1_292' title='bbox 455 2645 494 2694; x_wconf 82' lang='lat' dir='ltr'><strong>ain</strong></span> <span class='ocrx_word' id='word_1_293' title='bbox 512 2645 537 2694; x_wconf 86' lang='lat' dir='ltr'><strong>io</strong></span> <span class='ocrx_word' id='word_1_294' title='bbox 554 2660 623 2695; x_wconf 87' lang='lat' dir='ltr'><strong>com·</strong></span> <span class='ocrx_word' id='word_1_295' title='bbox 678 2642 783 2694; x_wconf 86' lang='lat' dir='ltr'><strong>samkcit</strong></span> <span class='ocrx_word' id='word_1_296' title='bbox 794 2641 818 2708; x_wconf 60' lang='lat'><strong>§-</strong></span> <span class='ocrx_word' id='word_1_297' title='bbox 831 2641 939 2692; x_wconf 78' lang='lat'>48-51.</span> 
     </span>
    </p>
   </div>
   <div class='ocr_carea' id='block_1_13' title="bbox 115 2708 1184 2776">
    <p class='ocr_par' dir='ltr' id='par_1_16' title="bbox 115 2708 1184 2776">
     <span class='ocr_line' id='line_1_31' title="bbox 115 2708 1184 2776; baseline 0.003 -18"><span class='ocrx_word' id='word_1_298' title='bbox 115 2709 235 2776; x_wconf 82' lang='lat' dir='ltr'><strong>paranda</strong></span> <span class='ocrx_word' id='word_1_299' title='bbox 246 2710 301 2762; x_wconf 86' lang='lat' dir='ltr'><strong>dom</strong></span> <span class='ocrx_word' id='word_1_300' title='bbox 312 2711 387 2762; x_wconf 80' lang='lat' dir='ltr'><strong>Sinna</strong></span> <span class='ocrx_word' id='word_1_301' title='bbox 400 2714 461 2764; x_wconf 86' lang='lat' dir='ltr'><strong>nach</strong></span> <span class='ocrx_word' id='word_1_302' title='bbox 474 2713 625 2764; x_wconf 83' lang='lat' dir='ltr'><strong>stockendes</strong></span> <span class='ocrx_word' id='word_1_303' title='bbox 712 2709 986 2761; x_wconf 72' lang='lat' dir='ltr'><strong>daosuntuostmltdm.</strong></span> <span class='ocrx_word' id='word_1_304' title='bbox 997 2708 1184 2762; x_wconf 83' lang='lat' dir='ltr'><strong>Diosecxistir·</strong></span> 
     </span>
    </p>
   </div>
   <div class='ocr_carea' id='block_1_14' title="bbox 19 2775 1065 2843">
    <p class='ocr_par' dir='ltr' id='par_1_17' title="bbox 19 2775 1065 2843">
     <span class='ocr_line' id='line_1_32' title="bbox 19 2775 1065 2843; baseline 0.001 -17"><span class='ocrx_word' id='word_1_305' title='bbox 19 2831 20 2834; x_wconf 8' lang='grc' dir='ltr'><strong>Ἴ</strong></span> <span class='ocrx_word' id='word_1_306' title='bbox 116 2789 220 2827; x_wconf 75' lang='lat' dir='ltr'><strong>nemeae</strong></span> <span class='ocrx_word' id='word_1_307' title='bbox 231 2777 351 2829; x_wconf 78' lang='lat' dir='ltr'><strong>beziclmn</strong></span> <span class='ocrx_word' id='word_1_308' title='bbox 369 2779 481 2843; x_wconf 78' lang='lat' dir='ltr'><strong>(helcane</strong></span> <span class='ocrx_word' id='word_1_309' title='bbox 493 2781 624 2830; x_wconf 82' lang='lat' dir='ltr'><strong>nothwcn-</strong></span> <span class='ocrx_word' id='word_1_310' title='bbox 678 2787 722 2830; x_wconf 87' lang='lat' dir='ltr'><strong>tec</strong></span> <span class='ocrx_word' id='word_1_311' title='bbox 734 2780 797 2828; x_wconf 86' lang='lat' dir='ltr'><strong>noch</strong></span> <span class='ocrx_word' id='word_1_312' title='bbox 809 2793 841 2827; x_wconf 86' lang='lat' dir='ltr'><strong>zu</strong></span> <span class='ocrx_word' id='word_1_313' title='bbox 852 2775 986 2826; x_wconf 82' lang='lat' dir='ltr'><strong>Petrarcns</strong></span> <span class='ocrx_word' id='word_1_314' title='bbox 999 2775 1065 2828; x_wconf 84' lang='lat' dir='ltr'><strong>Zoit.</strong></span> 
     </span>
    </p>
   </div>
   <div class='ocr_carea' id='block_1_15' title="bbox 118 2843 1184 2914">
    <p class='ocr_par' dir='ltr' id='par_1_18' title="bbox 118 2843 1184 2914">
     <span class='ocr_line' id='line_1_33' title="bbox 118 2843 1184 2914; baseline 0.003 -21"><span class='ocrx_word' id='word_1_315' title='bbox 118 2843 159 2907; x_wconf 75' lang='lat' dir='ltr'><strong>dig</strong></span> <span class='ocrx_word' id='word_1_316' title='bbox 171 2861 203 2894; x_wconf 86' lang='lat' dir='ltr'><strong>zu</strong></span> <span class='ocrx_word' id='word_1_317' title='bbox 215 2845 375 2910; x_wconf 78' lang='lat' dir='ltr'><strong>bcschaffrm),</strong></span> <span class='ocrx_word' id='word_1_318' title='bbox 388 2863 441 2899; x_wconf 77' lang='lat' dir='ltr'><strong>was</strong></span> <span class='ocrx_word' id='word_1_319' title='bbox 450 2849 626 2911; x_wconf 76' lang='lat' dir='ltr'><strong>grammatisch</strong></span> <span class='ocrx_word' id='word_1_320' title='bbox 710 2847 852 2914; x_wconf 66' lang='lat' dir='ltr'><strong>pariantur</strong></span> <span class='ocrx_word' id='word_1_321' title='bbox 860 2845 1002 2911; x_wconf 64' lang='lat' dir='ltr'><strong>driugais,</strong></span> <span class='ocrx_word' id='word_1_322' title='bbox 1014 2845 1054 2895; x_wconf 87' lang='lat' dir='ltr'><strong>bei</strong></span> <span class='ocrx_word' id='word_1_323' title='bbox 1066 2847 1113 2895; x_wconf 87' lang='lat' dir='ltr'><strong>den</strong></span> <span class='ocrx_word' id='word_1_324' title='bbox 1123 2846 1184 2896; x_wconf 86' lang='lat' dir='ltr'><strong>Ein-</strong></span> 
     </span>
    </p>
   </div>
   <div class='ocr_carea' id='block_1_16' title="bbox 19 2911 1184 2996">
    <p class='ocr_par' dir='ltr' id='par_1_19' title="bbox 19 2911 1184 2996">
     <span class='ocr_line' id='line_1_34' title="bbox 19 2911 1184 2996; baseline 0.003 -36"><span class='ocrx_word' id='word_1_325' title='bbox 19 2971 21 2996; x_wconf 58' lang='lat' dir='ltr'><strong>a</strong></span> <span class='ocrx_word' id='word_1_326' title='bbox 119 2912 186 2962; x_wconf 88' lang='lat' dir='ltr'><strong>nicht</strong></span> <span class='ocrx_word' id='word_1_327' title='bbox 206 2918 251 2975; x_wconf 77' lang='lat' dir='ltr'><strong>gut</strong></span> <span class='ocrx_word' id='word_1_328' title='bbox 271 2915 379 2977; x_wconf 80' lang='lat' dir='ltr'><strong>mdgliclr</strong></span> <span class='ocrx_word' id='word_1_329' title='bbox 407 2917 458 2965; x_wconf 88' lang='lat' dir='ltr'><strong>und</strong></span> <span class='ocrx_word' id='word_1_330' title='bbox 475 2916 531 2966; x_wconf 88' lang='lat' dir='ltr'><strong>dem</strong></span> <span class='ocrx_word' id='word_1_331' title='bbox 547 2915 625 2966; x_wconf 84' lang='lat' dir='ltr'><strong>Sinna</strong></span> <span class='ocrx_word' id='word_1_332' title='bbox 680 2912 862 2979; x_wconf 75' lang='lat' dir='ltr'><strong>zelnen§.45.</strong></span> <span class='ocrx_word' id='word_1_333' title='bbox 899 2911 1034 2964; x_wconf 70' lang='lat' dir='ltr'><strong>Toullon.</strong></span> <span class='ocrx_word' id='word_1_334' title='bbox 1052 2912 1093 2980; x_wconf 86' lang='lat' dir='ltr'><strong>Ill,</strong></span> <span class='ocrx_word' id='word_1_335' title='bbox 1117 2914 1184 2978; x_wconf 82' lang='lat'><strong>5‚9</strong></span> 
     </span>
    </p>
   </div>
   <div class='ocr_carea' id='block_1_17' title="bbox 116 2979 1229 3934">
    <p class='ocr_par' dir='ltr' id='par_1_20' title="bbox 116 2979 1229 3934">
     <span class='ocr_line' id='line_1_35' title="bbox 119 2979 1184 3048; baseline 0.007 -20"><span class='ocrx_word' id='word_1_336' title='bbox 119 2979 180 3028; x_wconf 86' lang='lat' dir='ltr'><strong>nach</strong></span> <span class='ocrx_word' id='word_1_337' title='bbox 197 2979 275 3030; x_wconf 81' lang='lat' dir='ltr'><strong>lalsch</strong></span> <span class='ocrx_word' id='word_1_338' title='bbox 288 2980 334 3046; x_wconf 85' lang='lat' dir='ltr'><strong>ist,</strong></span> <span class='ocrx_word' id='word_1_339' title='bbox 356 2982 421 3032; x_wconf 84' lang='lat' dir='ltr'><strong>deon</strong></span> <span class='ocrx_word' id='word_1_340' title='bbox 439 2983 479 3032; x_wconf 86' lang='lat' dir='ltr'><strong>dic</strong></span> <span class='ocrx_word' id='word_1_341' title='bbox 492 2982 626 3036; x_wconf 84' lang='lat' dir='ltr'><strong>Unerliisa-</strong></span> <span class='ocrx_word' id='word_1_342' title='bbox 680 2982 755 3033; x_wconf 85' lang='lat' dir='ltr'><strong>adibo</strong></span> <span class='ocrx_word' id='word_1_343' title='bbox 780 2986 856 3048; x_wconf 82' lang='lat' dir='ltr'><strong>atque</strong></span> <span class='ocrx_word' id='word_1_344' title='bbox 875 2981 907 3031; x_wconf 85' lang='lat' dir='ltr'><strong>ab</strong></span> <span class='ocrx_word' id='word_1_345' title='bbox 924 2997 953 3031; x_wconf 84' lang='lat' dir='ltr'><strong>eo</strong></span> <span class='ocrx_word' id='word_1_346' title='bbox 971 2985 1087 3046; x_wconf 69' lang='lat' dir='ltr'><strong>gratiam</strong></span> <span class='ocrx_word' id='word_1_347' title='bbox 1111 2983 1184 3046; x_wconf 79' lang='lat' dir='ltr'><strong>dano,</strong></span> 
     </span>
     <span class='ocr_line' id='line_1_36' title="bbox 119 3045 1183 3116; baseline 0.004 -20"><span class='ocrx_word' id='word_1_348' title='bbox 119 3045 205 3097; x_wconf 84' lang='lat' dir='ltr'><strong>liclrcit</strong></span> <span class='ocrx_word' id='word_1_349' title='bbox 221 3048 267 3098; x_wconf 82' lang='lat' dir='ltr'><strong>der</strong></span> <span class='ocrx_word' id='word_1_350' title='bbox 282 3047 468 3101; x_wconf 82' lang='lat' dir='ltr'><strong>Frcnndschalt</strong></span> <span class='ocrx_word' id='word_1_351' title='bbox 484 3049 542 3100; x_wconf 85' lang='lat' dir='ltr'><strong>darf</strong></span> <span class='ocrx_word' id='word_1_352' title='bbox 556 3052 625 3102; x_wconf 84' lang='lat' dir='ltr'><strong>nicht</strong></span> <span class='ocrx_word' id='word_1_353' title='bbox 680 3049 923 3116; x_wconf 77' lang='lat' dir='ltr'><strong>puammdcocclle,</strong></span> <span class='ocrx_word' id='word_1_354' title='bbox 939 3051 1016 3099; x_wconf 81' lang='lat' dir='ltr'><strong>inibo.</strong></span> <span class='ocrx_word' id='word_1_355' title='bbox 1041 3049 1086 3098; x_wconf 86' lang='lat' dir='ltr'><strong>Die</strong></span> <span class='ocrx_word' id='word_1_356' title='bbox 1098 3049 1183 3104; x_wconf 86' lang='lat' dir='ltr'><strong>Zwei-</strong></span> 
     </span>
     <span class='ocr_line' id='line_1_37' title="bbox 117 3113 1184 3186; baseline 0.007 -23"><span class='ocrx_word' id='word_1_357' title='bbox 117 3114 195 3164; x_wconf 83' lang='lat' dir='ltr'><strong>durch</strong></span> <span class='ocrx_word' id='word_1_358' title='bbox 211 3115 251 3164; x_wconf 86' lang='lat' dir='ltr'><strong>ein</strong></span> <span class='ocrx_word' id='word_1_359' title='bbox 265 3117 452 3186; x_wconf 81' lang='lat' dir='ltr'><strong>propemodum</strong></span> <span class='ocrx_word' id='word_1_360' title='bbox 472 3119 626 3170; x_wconf 77' lang='lat' dir='ltr'><strong>beschrdnlrt</strong></span> <span class='ocrx_word' id='word_1_361' title='bbox 679 3117 831 3180; x_wconf 78' lang='lat' dir='ltr'><strong>doudglrcit,</strong></span> <span class='ocrx_word' id='word_1_362' title='bbox 853 3118 892 3167; x_wconf 85' lang='lat' dir='ltr'><strong>die</strong></span> <span class='ocrx_word' id='word_1_363' title='bbox 908 3113 934 3165; x_wconf 88' lang='lat' dir='ltr'><strong>in</strong></span> <span class='ocrx_word' id='word_1_364' title='bbox 951 3117 1044 3168; x_wconf 81' lang='lat' dir='ltr'><strong>diesem</strong></span> <span class='ocrx_word' id='word_1_365' title='bbox 1061 3119 1092 3166; x_wconf 86' lang='lat' dir='ltr'><strong>ab</strong></span> <span class='ocrx_word' id='word_1_366' title='bbox 1113 3117 1184 3182; x_wconf 79' lang='lat' dir='ltr'><strong>negt,</strong></span> 
     </span>
     <span class='ocr_line' id='line_1_38' title="bbox 118 3182 1184 3251; baseline 0.005 -20"><span class='ocrx_word' id='word_1_367' title='bbox 118 3182 228 3232; x_wconf 80' lang='lat' dir='ltr'><strong>werden.</strong></span> <span class='ocrx_word' id='word_1_368' title='bbox 679 3186 714 3236; x_wconf 83' lang='lat' dir='ltr'><strong>ist</strong></span> <span class='ocrx_word' id='word_1_369' title='bbox 725 3185 875 3236; x_wconf 85' lang='lat' dir='ltr'><strong>namcntlich</strong></span> <span class='ocrx_word' id='word_1_370' title='bbox 888 3185 929 3234; x_wconf 79' lang='lat' dir='ltr'><strong>laci</strong></span> <span class='ocrx_word' id='word_1_371' title='bbox 941 3201 977 3234; x_wconf 72' lang='lat' dir='ltr'><strong>aaa</strong></span> <span class='ocrx_word' id='word_1_372' title='bbox 994 3188 1083 3251; x_wconf 80' lang='lat' dir='ltr'><strong>catari,</strong></span> <span class='ocrx_word' id='word_1_373' title='bbox 1102 3185 1184 3238; x_wconf 87' lang='lat' dir='ltr'><strong>addu-</strong></span> 
     </span>
     <span class='ocr_line' id='line_1_39' title="bbox 152 3201 1014 3328; baseline 0.005 -30"><span class='ocrx_word' id='word_1_374' title='bbox 152 3239 184 3328; x_wconf 71' lang='lat'><strong>9!</strong></span> <span class='ocrx_word' id='word_1_375' title='bbox 214 3250 246 3299; x_wconf 86' lang='lat' dir='ltr'><strong>de</strong></span> <span class='ocrx_word' id='word_1_376' title='bbox 265 3250 361 3316; x_wconf 76' lang='lat' dir='ltr'><strong>gloma.</strong></span> <span class='ocrx_word' id='word_1_377' title='bbox 396 3252 430 3304; x_wconf 82' lang='lat' dir='ltr'><strong>Es</strong></span> <span class='ocrx_word' id='word_1_378' title='bbox 453 3254 557 3317; x_wconf 76' lang='lat' dir='ltr'><strong>beginnt</strong></span> <span class='ocrx_word' id='word_1_379' title='bbox 579 3256 626 3328; x_wconf 85' lang='lat' dir='ltr'><strong>der</strong></span> <span class='ocrx_word' id='word_1_380' title='bbox 675 3251 710 3318; x_wconf 71' lang='lat' dir='ltr'><strong>ad,</strong></span> <span class='ocrx_word' id='word_1_381' title='bbox 724 3201 1014 3320; x_wconf 73' lang='lat' dir='ltr'><strong>aniaoaliqaooauig.</strong></span> 
     </span>
     <span class='ocr_line' id='line_1_40' title="bbox 119 3315 1184 3388; baseline 0.005 -22"><span class='ocrx_word' id='word_1_382' title='bbox 119 3323 211 3367; x_wconf 84' lang='lat' dir='ltr'><strong>awertc</strong></span> <span class='ocrx_word' id='word_1_383' title='bbox 222 3315 357 3370; x_wconf 79' lang='lat' dir='ltr'><strong>Absehnitt</strong></span> <span class='ocrx_word' id='word_1_384' title='bbox 369 3321 398 3381; x_wconf 79' lang='lat' dir='ltr'><strong>(a.</strong></span> <span class='ocrx_word' id='word_1_385' title='bbox 409 3337 432 3370; x_wconf 89' lang='lat' dir='ltr'><strong>z.</strong></span> <span class='ocrx_word' id='word_1_386' title='bbox 445 3320 468 3386; x_wconf 70' lang='lat'><strong>§-</strong></span> <span class='ocrx_word' id='word_1_387' title='bbox 480 3321 531 3385; x_wconf 82' lang='lat'>21),</span> <span class='ocrx_word' id='word_1_388' title='bbox 544 3322 626 3372; x_wconf 88' lang='lat' dir='ltr'><strong>warin</strong></span> <span class='ocrx_word' id='word_1_389' title='bbox 713 3319 780 3372; x_wconf 68' lang='lat' dir='ltr'><strong>aliua</strong></span> <span class='ocrx_word' id='word_1_390' title='bbox 801 3337 898 3387; x_wconf 79' lang='lat' dir='ltr'><strong>quoquc</strong></span> <span class='ocrx_word' id='word_1_391' title='bbox 914 3321 1016 3388; x_wconf 74' lang='lat' dir='ltr'><strong>puidam</strong></span> <span class='ocrx_word' id='word_1_392' title='bbox 1032 3320 1119 3372; x_wconf 78' lang='lat' dir='ltr'><strong>aditur</strong></span> <span class='ocrx_word' id='word_1_393' title='bbox 1140 3321 1184 3371; x_wconf 90' lang='lat' dir='ltr'><strong>bc-</strong></span> 
     </span>
     <span class='ocr_line' id='line_1_41' title="bbox 116 3383 1229 3454; baseline 0.005 -20"><span class='ocrx_word' id='word_1_394' title='bbox 116 3383 408 3439; x_wconf 81' lang='lat' dir='ltr'><strong>auseinandcrznsetzen</strong></span> <span class='ocrx_word' id='word_1_395' title='bbox 432 3388 479 3451; x_wconf 86' lang='lat' dir='ltr'><strong>ist,</strong></span> <span class='ocrx_word' id='word_1_396' title='bbox 504 3390 562 3439; x_wconf 87' lang='lat' dir='ltr'><strong>dass</strong></span> <span class='ocrx_word' id='word_1_397' title='bbox 586 3391 625 3441; x_wconf 84' lang='lat' dir='ltr'><strong>dic</strong></span> <span class='ocrx_word' id='word_1_398' title='bbox 681 3389 749 3440; x_wconf 83' lang='lat' dir='ltr'><strong>zieht</strong></span> <span class='ocrx_word' id='word_1_399' title='bbox 769 3388 822 3440; x_wconf 85' lang='lat' dir='ltr'><strong>sloh</strong></span> <span class='ocrx_word' id='word_1_400' title='bbox 842 3387 888 3439; x_wconf 82' lang='lat' dir='ltr'><strong>auf</strong></span> <span class='ocrx_word' id='word_1_401' title='bbox 901 3389 941 3438; x_wconf 83' lang='lat' dir='ltr'><strong>dis</strong></span> <span class='ocrx_word' id='word_1_402' title='bbox 962 3387 987 3454; x_wconf 62' lang='grc' dir='ltr'><strong>ᾖ.</strong></span> <span class='ocrx_word' id='word_1_403' title='bbox 1001 3388 1033 3440; x_wconf 85' lang='grc'><strong>45</strong></span> <span class='ocrx_word' id='word_1_404' title='bbox 1051 3388 1184 3452; x_wconf 74' lang='lat' dir='ltr'><strong>folgenden</strong></span> <span class='ocrx_word' id='word_1_405' title='bbox 1227 3435 1229 3446; x_wconf 82' lang='lat'><em>,</em></span> 
     </span>
     <span class='ocr_line' id='line_1_42' title="bbox 117 3451 1040 3524; baseline 0.004 -22"><span class='ocrx_word' id='word_1_406' title='bbox 117 3451 256 3502; x_wconf 76' lang='lat' dir='ltr'><strong>menschen</strong></span> <span class='ocrx_word' id='word_1_407' title='bbox 269 3453 333 3502; x_wconf 87' lang='lat' dir='ltr'><strong>dano</strong></span> <span class='ocrx_word' id='word_1_408' title='bbox 345 3455 448 3518; x_wconf 82' lang='lat' dir='ltr'><strong>gencigt</strong></span> <span class='ocrx_word' id='word_1_409' title='bbox 462 3455 528 3520; x_wconf 84' lang='lat' dir='ltr'><strong>sind,</strong></span> <span class='ocrx_word' id='word_1_410' title='bbox 549 3473 627 3508; x_wconf 80' lang='lat' dir='ltr'><strong>unsar</strong></span> <span class='ocrx_word' id='word_1_411' title='bbox 681 3457 846 3524; x_wconf 84' lang='lat' dir='ltr'><strong>speciollorcn</strong></span> <span class='ocrx_word' id='word_1_412' title='bbox 859 3455 1040 3508; x_wconf 81' lang='lat' dir='ltr'><strong>Vorschristen.</strong></span> 
     </span>
     <span class='ocr_line' id='line_1_43' title="bbox 120 3517 1183 3592; baseline 0.004 -22"><span class='ocrx_word' id='word_1_413' title='bbox 120 3517 199 3570; x_wconf 85' lang='lat' dir='ltr'><strong>Wohl</strong></span> <span class='ocrx_word' id='word_1_414' title='bbox 211 3535 243 3568; x_wconf 87' lang='lat' dir='ltr'><strong>zu</strong></span> <span class='ocrx_word' id='word_1_415' title='bbox 255 3517 366 3584; x_wconf 68' lang='lat' dir='ltr'><strong>l‘drderm</strong></span> <span class='ocrx_word' id='word_1_416' title='bbox 378 3537 451 3572; x_wconf 79' lang='lat' dir='ltr'><strong>werin</strong></span> <span class='ocrx_word' id='word_1_417' title='bbox 464 3524 500 3574; x_wconf 87' lang='lat' dir='ltr'><strong>sie</strong></span> <span class='ocrx_word' id='word_1_418' title='bbox 513 3539 560 3574; x_wconf 85' lang='lat' dir='ltr'><strong>nns</strong></span> <span class='ocrx_word' id='word_1_419' title='bbox 572 3525 625 3576; x_wconf 87' lang='lat' dir='ltr'><strong>ihre</strong></span> <span class='ocrx_word' id='word_1_420' title='bbox 715 3523 756 3574; x_wconf 83' lang='lat'><strong>32.</strong></span> <span class='ocrx_word' id='word_1_421' title='bbox 779 3523 1119 3592; x_wconf 75' lang='lat' dir='ltr'><strong>daimolmtaacpraoocpta,</strong></span> <span class='ocrx_word' id='word_1_422' title='bbox 1132 3524 1156 3574; x_wconf 89' lang='lat' dir='ltr'><strong>d.</strong></span> <span class='ocrx_word' id='word_1_423' title='bbox 1166 3525 1183 3575; x_wconf 88' lang='lat' dir='ltr'><strong>l.</strong></span> 
     </span>
     <span class='ocr_line' id='line_1_44' title="bbox 120 3587 1184 3661; baseline 0.007 -26"><span class='ocrx_word' id='word_1_424' title='bbox 120 3587 340 3652; x_wconf 81' lang='lat' dir='ltr'><strong>llochachtnng</strong></span> <span class='ocrx_word' id='word_1_425' title='bbox 356 3590 407 3640; x_wconf 86' lang='lat' dir='ltr'><strong>und</strong></span> <span class='ocrx_word' id='word_1_426' title='bbox 418 3592 458 3641; x_wconf 87' lang='lat' dir='ltr'><strong>ihr</strong></span> <span class='ocrx_word' id='word_1_427' title='bbox 468 3590 625 3643; x_wconf 86' lang='lat' dir='ltr'><strong>Vertran-</strong></span> <span class='ocrx_word' id='word_1_428' title='bbox 678 3591 913 3661; x_wconf 66' lang='lat' dir='ltr'><strong>pomaeooleauao</strong></span> <span class='ocrx_word' id='word_1_429' title='bbox 922 3592 1110 3658; x_wconf 76' lang='lat' dir='ltr'><strong>comparandae.</strong></span> <span class='ocrx_word' id='word_1_430' title='bbox 1122 3591 1184 3656; x_wconf 76' lang='lat'><strong>§.86</strong></span> 
     </span>
     <span class='ocr_line' id='line_1_45' title="bbox 120 3655 1185 3730; baseline 0.007 -27"><span class='ocrx_word' id='word_1_431' title='bbox 120 3670 154 3704; x_wconf 85' lang='lat' dir='ltr'><strong>eo</strong></span> <span class='ocrx_word' id='word_1_432' title='bbox 167 3655 302 3706; x_wconf 82' lang='lat' dir='ltr'><strong>echenken.</strong></span> <span class='ocrx_word' id='word_1_433' title='bbox 329 3655 404 3707; x_wconf 78' lang='lat' dir='ltr'><strong>Dicae</strong></span> <span class='ocrx_word' id='word_1_434' title='bbox 417 3659 505 3710; x_wconf 85' lang='lat' dir='ltr'><strong>beiden</strong></span> <span class='ocrx_word' id='word_1_435' title='bbox 517 3661 626 3724; x_wconf 74' lang='lat' dir='ltr'><strong>Bogriffe</strong></span> <span class='ocrx_word' id='word_1_436' title='bbox 680 3661 800 3712; x_wconf 74' lang='lat' dir='ltr'><strong>utilitatis</strong></span> <span class='ocrx_word' id='word_1_437' title='bbox 807 3665 953 3730; x_wconf 77' lang='lat' dir='ltr'><strong>praccepta</strong></span> <span class='ocrx_word' id='word_1_438' title='bbox 971 3659 1040 3726; x_wconf 87' lang='lat' dir='ltr'><strong>l,3,8</strong></span> <span class='ocrx_word' id='word_1_439' title='bbox 1047 3664 1185 3729; x_wconf 82' lang='lat' dir='ltr'><strong>praecepta</strong></span> 
     </span>
     <span class='ocr_line' id='line_1_46' title="bbox 121 3723 770 3795; baseline 0.011 -25"><span class='ocrx_word' id='word_1_440' title='bbox 121 3723 221 3772; x_wconf 82' lang='lat' dir='ltr'><strong>werden</strong></span> <span class='ocrx_word' id='word_1_441' title='bbox 239 3723 294 3774; x_wconf 86' lang='lat' dir='ltr'><strong>dem</strong></span> <span class='ocrx_word' id='word_1_442' title='bbox 312 3725 409 3789; x_wconf 83' lang='lat' dir='ltr'><strong>Begrill&#39;</strong></span> <span class='ocrx_word' id='word_1_443' title='bbox 425 3725 517 3778; x_wconf 79' lang='lat' dir='ltr'><strong>Rubra</strong></span> <span class='ocrx_word' id='word_1_444' title='bbox 537 3735 624 3780; x_wconf 86' lang='lat' dir='ltr'><strong>unter-</strong></span> <span class='ocrx_word' id='word_1_445' title='bbox 680 3729 770 3795; x_wconf 72' lang='lat' dir='ltr'><strong>afficti.</strong></span> 
     </span>
     <span class='ocr_line' id='line_1_47' title="bbox 123 3790 1184 3864; baseline 0.006 -24"><span class='ocrx_word' id='word_1_446' title='bbox 123 3790 248 3854; x_wconf 65' lang='lat' dir='ltr'><strong>scordam,</strong></span> <span class='ocrx_word' id='word_1_447' title='bbox 261 3794 308 3844; x_wconf 90' lang='lat' dir='ltr'><strong>der</strong></span> <span class='ocrx_word' id='word_1_448' title='bbox 315 3809 361 3844; x_wconf 87' lang='lat' dir='ltr'><strong>aus</strong></span> <span class='ocrx_word' id='word_1_449' title='bbox 368 3793 540 3846; x_wconf 74' lang='lat' dir='ltr'><strong>Wohlwollen</strong></span> <span class='ocrx_word' id='word_1_450' title='bbox 553 3794 577 3861; x_wconf 63' lang='grc' dir='ltr'><strong>ξ.</strong></span> <span class='ocrx_word' id='word_1_451' title='bbox 583 3796 624 3859; x_wconf 83' lang='grc'><strong>32,</strong></span> <span class='ocrx_word' id='word_1_452' title='bbox 712 3795 842 3847; x_wconf 81' lang='lat' dir='ltr'><strong>voluntate</strong></span> <span class='ocrx_word' id='word_1_453' title='bbox 853 3797 965 3864; x_wconf 77' lang='lat' dir='ltr'><strong>benefica</strong></span> <span class='ocrx_word' id='word_1_454' title='bbox 981 3797 1015 3846; x_wconf 88' lang='lat' dir='ltr'><strong>ist</strong></span> <span class='ocrx_word' id='word_1_455' title='bbox 1030 3802 1120 3861; x_wconf 70' lang='lat' dir='ltr'><strong>gesagt</strong></span> <span class='ocrx_word' id='word_1_456' title='bbox 1135 3797 1184 3848; x_wconf 85' lang='lat' dir='ltr'><strong>wia</strong></span> 
     </span>
     <span class='ocr_line' id='line_1_48' title="bbox 122 3857 1184 3934; baseline 0.009 -27"><span class='ocrx_word' id='word_1_457' title='bbox 122 3857 262 3912; x_wconf 83' lang='lat' dir='ltr'><strong>Vortrauen</strong></span> <span class='ocrx_word' id='word_1_458' title='bbox 275 3861 384 3928; x_wconf 80' lang='lat'><strong>33-35,</strong></span> <span class='ocrx_word' id='word_1_459' title='bbox 401 3861 579 3928; x_wconf 71' lang='lat' dir='ltr'><strong>lloahachtung</strong></span> <span class='ocrx_word' id='word_1_460' title='bbox 591 3863 624 3916; x_wconf 83' lang='lat'><strong>36</strong></span> <span class='ocrx_word' id='word_1_461' title='bbox 678 3865 782 3934; x_wconf 72' lang='lat' dir='ltr'><strong>sapiens</strong></span> <span class='ocrx_word' id='word_1_462' title='bbox 794 3869 939 3930; x_wconf 71' lang='lat' dir='ltr'><strong>accusatio,</strong></span> <span class='ocrx_word' id='word_1_463' title='bbox 953 3865 1032 3931; x_wconf 84' lang='lat' dir='ltr'><strong>sorta</strong></span> <span class='ocrx_word' id='word_1_464' title='bbox 1043 3865 1184 3929; x_wconf 73' lang='lat' dir='ltr'><strong>consilium,</strong></span> 
     </span>
    </p>
   </div>
   <div class='ocr_carea' id='block_1_18' title="bbox 0 0 1411 4486">
    <p class='ocr_par' dir='ltr' id='par_1_21' title="bbox 0 0 1411 4486">
     <span class='ocr_line' id='line_1_49' title="bbox 0 0 1411 4486; baseline 0 0"><span class='ocrx_word' id='word_1_465' title='bbox 0 0 1411 4486; x_wconf 95' lang='lat' dir='ltr'><strong> </strong></span> 
     </span>
    </p>
   </div>
  </div>
 </body>
</html>
