2788 4486
150 297 210 357 r-rs
578 289 622 340 uu
640 287 778 342 orrrcus

95 459 126 510 18
148 454 209 510 tute
228 445 391 507 excitantur
430 444 545 506 Etenim
567 443 658 504 virtus
676 444 772 506 omnis
788 443 881 506 tribus
897 444 927 504 in
942 443 1030 510 rebus
1046 445 1106 504 lere
1120 444 1209 504 verti:

146 539 207 606 tur,
227 547 352 610 quarum
372 547 430 590 una
449 537 494 590 est
514 528 544 589 in
563 528 768 608 perspiciendo
791 528 861 608 quid
881 527 911 588 in
932 547 1047 610 quaque
1060 547 1093 590 re
1108 545 1208 590 verum

146 617 354 694 sincerumque
374 613 425 686 sit,
447 613 515 692 quid
538 621 768 674 consentaneum
788 613 905 693 cuique,
926 613 995 692 quid
1012 631 1208 693 consequens,

147 721 182 762 ex
198 720 257 779 quo
273 715 404 777 quaeque
419 697 587 776 gignantur,
607 716 680 778 quae
695 699 838 778 cuiusque
853 697 895 758 rei
911 715 998 759 causa
1013 699 1065 770 sit,
1087 699 1209 760 alterum

147 785 283 846 cohibere
308 792 408 844 motus
427 783 516 844 animi
535 782 680 858 turbatos,
706 801 781 863 quos
803 782 902 844 Graeci
924 775 1024 867 πάθη
1043 785 1214 856 nominant,
1272 783 1282 792 “

146 869 408 949 appetitionesquc‚
425 886 497 947 quas
512 867 552 927 illi
565 861 678 949 ὁρμάς,
693 868 881 929 oboedientes
893 867 1007 928 efficere
1018 865 1133 941 rationi,
1150 875 1211 928 ter·
1244 917 1247 924 l

146 954 223 1016 tium
235 953 280 1026 ile,
296 953 472 1033 quibuscum
488 971 709 1032 congregemur,
724 952 767 1014 uti
781 953 931 1014 moderate
942 958 970 1013 et
982 951 1116 1024 scienter,
1133 971 1210 1032 quo·

145 1056 214 1100 rum
230 1037 333 1099 studiis
349 1056 396 1109 ea,
418 1055 491 1115 quae
505 1046 609 1099 natura
624 1037 783 1110 desiderat,
807 1038 920 1117 expleta
937 1037 1140 1116 cumulataque
1155 1037 1208 1096 ba·

146 1123 285 1194 beamus,
305 1141 359 1200 per
378 1122 570 1201 eosdemque,
591 1122 616 1182 si
637 1122 707 1202 quid
726 1122 902 1204 importetur
916 1121 1002 1183 nobis
1018 1121 1210 1194 incommodi,

147 1208 357 1288 propulsemus
377 1205 610 1285 ulciscamurque
629 1226 696 1281 coe,
717 1207 767 1287 qui
788 1225 895 1268 nocere
914 1204 1001 1267 nobis
1023 1205 1118 1267 conati
1139 1205 1208 1279 sint,

146 1300 283 1372 tantaque
293 1309 388 1370 poena
398 1290 1209 1370 adiiciamus,quantamaequitashumanitasquepatitur.

8 1387 9 1420 ὲ
109 1377 130 1434 6
233 1377 346 1449 Quibus
362 1384 459 1437 autem
474 1375 636 1437 rationibus
651 1377 727 1437 hane
741 1377 906 1438 facultatem
921 1375 1036 1455 assequi
1048 1374 1210 1454 possimne,

18 1467 24 1486 ³
67 1533 70 1538 Ι
96 1469 126 1518 19
147 1471 180 1523 ut
195 1461 347 1522 bominum
365 1459 460 1521 studia
477 1461 707 1540 complectamur
723 1479 813 1540 caque
829 1469 994 1534 teneamuS,
1011 1459 1141 1520 dicemus
1156 1477 1209 1520 ne-

8 1549 9 1570 ³
149 1566 204 1625 que
224 1547 262 1612 ita
281 1546 372 1609 multo
393 1551 475 1623 post,
496 1535 547 1606 sed
567 1564 659 1624 pauca
676 1554 742 1607 ante
756 1546 879 1607 dicenda
894 1551 971 1606 sunt.
1001 1545 1136 1622 Magnam
1152 1543 1210 1604 vim

148 1649 212 1691 esse
231 1630 261 1690 in
282 1631 426 1691 lort‘una
445 1629 475 1688 in
496 1639 650 1710 utramque
671 1638 798 1710 partem,
815 1631 862 1691 vel
884 1631 1029 1690 secundas
1049 1629 1084 1689 ad
1105 1647 1152 1689 res
1166 1629 1211 1689 vel

147 1717 281 1776 adversas
298 1716 364 1794 quis
380 1712 517 1792 ignorat?
544 1715 619 1776 Nam
636 1723 749 1777 etcum
766 1733 912 1795 prospero
929 1714 999 1775 tlatu
1015 1713 1077 1774 eius
1088 1713 1207 1784 utimur,

147 1800 184 1860 ad
200 1799 295 1860 exitus
310 1799 496 1878 pervehimur
511 1807 631 1878 optatos
644 1809 684 1874 et,
701 1821 768 1862 cum
785 1800 910 1872 collavit,
926 1798 1098 1877 adfligimur.
1131 1795 1209 1858 llaec

146 1885 235 1963 igitur
250 1885 313 1963 ipsa
328 1885 444 1944 fortuna
460 1891 573 1944 ceteros
590 1903 676 1945 casus
691 1885 817 1946 rariores
832 1884 933 1956 habet,
949 1883 1078 1962 primum
1093 1881 1129 1943 ab
1144 1881 1209 1943 ina-

147 1969 235 2030 nimis
250 1968 406 2047 procellas,
420 1975 621 2046 tempestates,
639 1970 801 2047 naufragia,
817 1970 930 2041 ruinas,
946 1967 1088 2039 incendia,
1103 1967 1209 2028 deinde

94 2061 127 2112 20
148 2075 163 2115 a
179 2053 279 2114 bestiis
295 2052 379 2125 ictuc,
395 2071 525 2124 morsus,
541 2053 676 2132 impetus.
706 2054 783 2115 Haec
797 2072 876 2132 ergo,
891 2061 924 2114 ut
939 2052 1006 2126 dixi,
1022 2051 1141 2114 rariora.
1172 2049 1210 2111 m

184 2304 223 2356 18.
241 2304 350 2356 breem.
374 2304 419 2356 Um
433 2320 465 2353 zu
477 2305 577 2369 zcigen,
593 2305 652 2356 dass
704 2309 814 2370 mrtibb,
837 2305 884 2354 wie
902 2306 979 2354 deren
992 2304 1127 2356 llebnition
1143 2301 1169 2369 (l,
1185 2304 1210 2366 l,

147 2389 175 2423 es
188 2373 228 2424 die
240 2371 352 2435 Anlgabe
368 2373 414 2422 der
425 2372 529 2436 Tugcnd
542 2373 587 2437 ist,
604 2375 651 2423 den
705 2373 747 2439 22)
758 2375 834 2438 zeigt.
856 2373 919 2424 lline
929 2373 1042 2424 iibnlicbe
1051 2372 1211 2434 Eintbeilnng

147 2440 218 2492 Eiler
230 2442 276 2490 der
284 2438 465 2490 blitmenscbeu
477 2439 519 2490 l'rir
527 2456 604 2492 unser
612 2440 654 2491 lu·
706 2457 726 2492 s.
733 2443 764 2492 de
773 2449 837 2508 part
845 2441 953 2505 orat.22‚
961 2440 1007 2502 763
1017 2441 1067 2504 vgl.
1077 2439 1178 2504 Madvig
1187 2456 1210 2489 z.

147 2516 245 2559 teresse
264 2523 295 2556 zu
312 2522 432 2571 erregen,
449 2507 517 2570 giebt
531 2506 582 2558 Cic.
596 2509 651 2559 ciue
705 2511 736 2561 de
749 2509 791 2560 flu.
804 2509 846 2574 lV,
860 2511 883 2572 l,
896 2509 912 2558 4
924 2527 947 2576 p.
960 2507 1017 2560 489.

148 2591 212 2625 neue
225 2574 393 2638 Eiutbeilung‚
407 2576 651 2627 woaucbsicbdiese
740 2595 792 2629 uara
804 2577 1023 2628 ert—alterum.-
1034 2573 1209 2642 1‚s,9.2o,ee.
1237 2629 1238 2632 Ἴ

68 2695 71 2709 ,
147 2642 259 2706 burgala
269 2642 307 2691 als
317 2643 363 2692 der
371 2643 448 2693 dritte
459 2643 533 2694 Tbeil
544 2645 590 2694 der
599 2643 651 2695 Tu·
774 2661 848 2697 orum
868 2645 975 2694 studete:
996 2646 1041 2694 der
1053 2645 1209 2694 llelativsatz

147 2710 213 2775 gend
222 2710 395 2761 berausstellt.
408 2711 652 2776 Diesellintbeilung
706 2714 747 2778 gie
765 2720 775 2763 t
788 2711 942 2762 den-Zueck
954 2725 994 2760 an.

147 2779 241 2828 stimmt
256 2778 288 2827 im
303 2776 404 2829 Ganzen
420 2781 465 2831 mit
481 2777 557 2844 derl,
571 2781 595 2845 4,
611 2781 650 2830 ll.
740 2771 831 2832 619.
861 2778 987 2844 Magnam
1001 2781 1051 2828 nim
1067 2794 1131 2827 erre.
1158 2778 1211 2826 Der·

148 2848 177 2907 6,
196 2845 227 2896 16
244 2863 269 2895 u.
284 2846 315 2896 17
337 2847 517 2912 aalgestellten
539 2849 652 2909 liberale,
706 2849 839 2900 Abscbnitt
848 2847 909 2897 iiber
918 2847 957 2896 die
969 2845 1054 2896 Macbt
1062 2842 1209 2894 deeGliiclrc

147 2930 196 2964 nar
223 2915 282 2964 dues
310 2914 350 2964 die
378 2917 522 2982 praktiscbe
547 2915 652 2980 Tugend
706 2916 731 2983 ᾗ.
746 2916 776 2967 19
789 2915 898 2969 sollden
910 2911 1031 2964 Einwaud
1047 2910 1209 2973 widerlegen,

147 2983 203 3032 bier
215 2981 308 3033 wieder
320 2983 343 3033 in
357 2985 422 3034 zwei
435 2983 523 3036 Tbeile
541 2983 651 3046 zerlallt,
707 2986 765 3034 dass
778 2985 823 3034 der
832 2981 916 3033 Zulall
928 2983 982 3032 dem
992 2978 1127 3030 bleuscbeu
1139 2979 1210 3027 mebr

147 3049 258 3101 insolern
285 3050 322 3101 sie
345 3052 397 3102 sicb
416 3051 520 3102 n'a'mlicb
538 3051 614 3101 tbeils
627 3050 651 3099 in
708 3053 799 3102 sebade
809 3052 870 3101 oder
883 3051 960 3100 niitze
970 3049 1009 3100 als
1022 3045 1208 3098 dieblenscben

147 3119 203 3170 dem
213 3117 331 3183 subjecte
343 3119 385 3169 liir
397 3121 457 3182 sicb,
470 3119 544 3170 tbeils
557 3119 581 3168 in
594 3119 652 3168 des·
708 3118 789 3170 selbst
801 3118 928 3168 einander.

147 3202 192 3237 sen
205 3187 344 3238 Verbalten
361 3203 394 3237 zu
410 3188 459 3237 den
471 3185 652 3238 Mitmenscben
798 3189 804 3201 '
826 3188 899 3236 ’mun
925 3184 993 3235 Aucb
1007 3182 1134 3234 indiesem
1142 3180 1209 3232 Aus-

147 3255 222 3319 zeigt.
244 3254 296 3304 Der
307 3261 376 3304 erate
385 3253 459 3304 Tbeil
469 3253 575 3304 unieret
583 3254 652 3303 dem-
706 3255 767 3304 drue
785 3269 799 3304 e
812 3254 873 3316 liegt
884 3253 933 3302 wie
946 3253 970 3302 in
981 3251 1056 3318 allen,
1070 3251 1110 3300 die
1118 3250 1174 3300 bier
1185 3250 1211 3300 in

147 3324 211 3373 nncb
226 3322 267 3372 dle
281 3321 433 3386 magartae>
444 3324 533 3387 marri,
550 3337 578 3371 so
592 3322 653 3372 weit
706 3323 791 3386 Bezng
807 3319 853 3371 aul*
864 3321 977 3386 fortune
993 3319 1131 3384 gebraucht
1146 3332 1212 3369 wer·

147 3391 216 3442 dicae
240 3391 264 3438 iu
282 3390 328 3438 der
345 3388 459 3440 Freibeit
475 3405 525 3440 von
543 3388 653 3440 Leiden—
706 3391 766 3453 den,
787 3389 843 3440 ciue
863 3405 913 3439 vou
931 3389 977 3438 der
993 3386 1137 3441 Sebilllabrt
1154 3393 1211 3435 ent·

147 3457 260 3509 sebalteu
277 3456 377 3507 beetcbt
401 3456 432 3520 (l,
450 3455 495 3523 20,
513 3456 546 3508 66
559 3457 576 3508 f.
606 3457 652 3507 Die
705 3459 790 3508 lebate
807 3457 947 3523 Metapber.
970 3455 1061 3526 adfligi
1072 3455 1150 3505 istan
1162 3455 1210 3504 den

145 3526 223 3577 audre
234 3523 303 3576 Seite
313 3525 455 3589 desselben,
468 3524 653 3592 dissertitudo,
706 3525 803 3578 Felsen.
810 3524 940 3589 geworfen
952 3524 1062 3588 werden,
1074 3523 1209 3573 scbeitern.
1257 3531 1261 3534 ·

147 3595 198 3644 und
226 3607 279 3642 was
304 3600 376 3643 ronst
399 3595 476 3644 demit
498 3608 654 3661 commmen-
739 3595 806 3644 Haec
816 3596 968 3660 igiturrpsa
984 3589 1210 3652 stebtwiebiiulig

147 3663 232 3728 lenge,
242 3662 335 3711 kommt
344 3660 398 3710 bier
407 3661 651 3725 nichtinlietracbt),
705 3665 762 3730 ipae
777 3661 824 3725 ille,
838 3662 861 3711 d.
874 3662 890 3711 i.
904 3662 958 3727 ipse
969 3675 1016 3726 per
1027 3674 1063 3722 se,
1077 3673 1122 3709 sua
1135 3673 1209 3723 spon-

148 3731 197 3780 und
221 3730 261 3780 die
283 3733 334 3779 tem
352 3731 463 3792 σναηίία,
485 3730 525 3780 dic
546 3729 652 3779 lieberr-
700 3730 745 3792 tc,
763 3730 817 3780 also
834 3729 890 3780 bier
906 3730 960 3780 siue
979 3728 1101 3778 bominum
1121 3725 1209 3790 opibus

148 3799 242 3860 seburg
259 3799 305 3847 der
345 3797 415 3848 riebe
433 3798 510 3848 durcb
528 3797 569 3848 die
585 3796 653 3848 Ver·
706 3798 838 3848 etstudiis.
850 3792 1211 3866 illeipsedagegeubntmeist

148 3864 220 3916 uenit
232 3863 258 3928 (l,
271 3864 312 3928 28,
328 3865 393 3931 101).
416 3866 467 3917 lior
479 3865 569 3916 zweite
579 3864 653 3915 Tbeil
706 3866 753 3916 den
763 3866 824 3916 Sina
837 3881 886 3917 von
899 3865 960 3932 ipse,
974 3863 1157 3914 nonullae-
1165 3862 1211 3912 ba-

148 3934 193 3983 der
205 3931 365 3999 pralrtiscben
379 3934 484 3999 Tagend
496 3933 601 3985 unlesst
612 3933 652 3984 dic
707 3935 754 4001 bet,
767 3935 791 3984 d.
805 3935 821 3984 i.
834 3949 862 3984 es
874 3934 971 3997 biiugen
983 3947 1033 3983 uon
1045 3931 1085 3980 ibr
1096 3929 1136 3979 ab,
