2788 4486
179 247 238 310 112
332 259 344 280 ·
608 244 652 300 on
671 241 809 296 orneris
906 237 908 246 ·

176 401 222 474 sit,
234 400 310 461 idem
324 399 362 460 sit
372 400 460 476 utile]
487 395 574 472 Quod
587 397 636 478 qui
647 412 753 478 parum
763 397 953 478 perspiciunt,
965 397 996 458 hi
1008 415 1095 476 saepe
1106 405 1243 460 versutos

175 485 312 548 homines
336 492 365 545 et
389 484 507 546 callidos
536 483 712 545 admirantes
737 482 877 544 malitiam
904 481 1076 561 sapientiam
1103 483 1241 546 iudicant.

177 572 310 644 Quorum
335 589 419 630 error
442 569 619 653 eripiendus
635 577 680 632 est
706 569 865 649 opinioque
891 567 989 630 omnis
1015 568 1050 628 ad
1071 583 1136 632 earn
1157 588 1243 648 spem

81 653 100 667 ““
175 656 365 727 traducenda,
385 662 418 716 ut
438 654 571 715 honestis
594 654 724 715 consiliis
745 653 889 732 iustisque
908 653 991 714 factis
1011 671 1073 714 non
1093 653 1194 716 fraude
1216 663 1245 716 et

125 753 153 802 11
178 740 286 802 malitia
301 760 334 802 se
348 740 515 818 intellegant
530 759 573 813 ea,
590 759 665 819 quae
679 740 775 812 velint,
793 738 934 816 consequi
949 758 1049 818 posse.
1079 738 1161 812 Quae
1174 759 1243 819 ergo
1274 794 1276 803 ,

177 827 212 888 ad
233 825 319 888 vitam
334 826 491 898 hominnm
506 825 646 886 tuendam
661 823 948 904 pertinenn'partirn
965 833 1034 886 sunt
1049 823 1191 900 inanima,
1212 833 1245 887 ut

177 930 297 984 aurum,
318 919 485 989 argentum,
500 917 534 971 ut
549 929 594 983 ea,
611 928 684 988 quae
699 911 859 990 gignuntur
874 928 889 968 e
905 916 994 982 terra,
1010 909 1112 972 utalia
1128 909 1244 988 generis

178 995 327 1070 eiusdem,
348 994 621 1074 partim'anirnelia,
644 1013 717 1075 quae
736 995 845 1056 habeut
865 1013 936 1054 suos
957 991 1085 1073 impetus
1100 1002 1130 1055 et
1143 1013 1245 1056 rerum

176 1080 337 1160 appetitus,
363 1080 476 1141 Eorum
492 1088 589 1141 autem
604 1079 657 1142 alia
677 1079 800 1142 rationis
816 1079 945 1158 expertia
961 1089 1043 1153 sunt,
1063 1079 1116 1140 alia
1131 1080 1245 1141 ratione

177 1165 296 1228 utentia.
324 1166 465 1244 Expertes
481 1165 605 1226 rationis
626 1166 707 1244 equi,
728 1166 830 1238 boves,
850 1163 978 1242 reliquae
1000 1165 1144 1243 pecudea,
1165 1185 1245 1245 apes,

179 1269 303 1330 quarum
324 1269 412 1328 opere
432 1250 556 1311 efficitur
575 1249 684 1328 aliquid
704 1252 740 1311 ad
760 1268 848 1316 usurn
867 1248 1023 1309 hominum
1044 1256 1130 1328 atque
1145 1251 1244 1312 vitam.

178 1335 300 1396 Ratione
315 1342 412 1396 autern
431 1335 576 1396 utentium
589 1335 648 1395 duo
661 1353 767 1414 genera
778 1340 901 1415 ponunt,
917 1335 1040 1395 deonnn
1052 1353 1155 1407 unum,
1173 1336 1244 1396 alte-

177 1440 244 1482 rurn
256 1420 419 1482 hominurn.
446 1419 521 1481 Deos
536 1420 665 1499 placatos
681 1421 772 1500 pietas
789 1419 892 1480 efficiet
903 1427 931 1479 et
943 1419 1092 1493 sanctitas,
1108 1420 1246 1499 proxime

897 1510 922 1546 U

177 1589 291 1654 dignitus
307 1592 331 1638 ei
346 1589 481 1640 inbuenda
496 1593 543 1638 est.
573 1588 647 1650 Quod
663 1591 687 1638 sr'
738 1589 987 1652 fortgefnhrenwird:
994 1593 1116 1656 estporro
1123 1587 1249 1654 quiddam

145 1676 151 1690 ·
176 1661 214 1707 itu
227 1661 273 1720 eet,
283 1656 411 1708 undante
419 1660 454 1707 sit
462 1673 565 1708 neeesse
574 1661 627 1719 εει,-
641 1659 685 1706 bo·
724 1675 774 1708 rrara:
785 1658 879 1707 horum
887 1659 1005 1724 partibus
1014 1658 1131 1706 arrectum
1140 1656 1211 1720 pund
1221 1662 1249 1708 et

176 1741 239 1774 rrum
250 1726 334 1790 iguo
347 1741 420 1775 omna
431 1725 563 1776 mudabile.
580 1725 624 1774 En
636 1739 693 1790 quo¹
739 1741 788 1776 sua
800 1728 824 1776 oi
835 1729 860 1774 et
871 1725 998 1788 dignitate
1009 1741 1056 1786 nep
1068 1723 1186 1773 inductos
1196 1723 1247 1776 dn.-
1336 1746 1346 1754 -

177 1794 304 1858 fffioitur,
325 1797 357 1843 ut
373 1793 442 1858 quod
457 1796 493 1843 sit·
507 1793 642 1843 horreorum
659 1793 687 1843 id
739 1797 781 1856 eit,
799 1797 825 1843 et
835 1808 898 1859 prae
910 1791 1082 1858 sequumdum
1092 1795 1164 1856 gerit
1174 1791 1249 1841 nulr-

177 1861 369 1912 soiumbonum.
379 1861 521 1924 Vngeoff.
529 1859 640 1923 lll‚8,35.
650 1859 687 1924 lat
739 1865 825 1924 tuton,
838 1875 886 1924 quo
895 1861 981 1924 magis
990 1863 1135 1926 eoepetutun
1143 1863 1250 1910 utemi-

178 1946 226 1978 nun
245 1931 321 1978 sohon
339 1929 422 1978 dieser
438 1929 547 1978 stoiseire
560 1928 685 1994 Syllogis-
740 1930 808 1991 sitin,
819 1929 885 1978 bona
895 1930 1062 1978 annonario.
1081 1928 1143 1977 Hier
1151 1928 1248 1978 isteine

179 1998 312 2046 musanehr
323 1996 408 2046 blusso
419 1995 514 2046 Phrase
526 1995 565 2044 als
580 1995 685 2061 Beweis‚
740 1996 861 2048 Unterart
884 1996 928 2044 des
952 1996 1087 2046 honestum
1109 1996 1149 2046 els
1171 1995 1249 2045 dritte

181 2063 685 2126 sokaunrnandoehneohwenigerdnbei
740 2061 831 2114 lilesse
852 2062 1006 2126 nuigestellt.
1036 2064 1105 2116 naen
1123 2071 1180 2126 sngt
1196 2063 1248 2113 Cio.

130 2197 131 2200 Ἴ
179 2132 222 2182 das
234 2131 380 2182 iustrtrnels
390 2129 542 2194 Mittelglied
552 2129 686 2196 brauehen,
740 2130 821 2195 gieioh
838 2130 937 2193 darauf,
955 2147 989 2180 en
1002 2131 1042 2180 ln’e
1056 2133 1200 2197 confluitur,
1219 2137 1251 2181 ut

178 2199 228 2248 und
245 2200 332 2249 weder
348 2199 435 2248 Cinero
455 2199 517 2248 nooh
531 2198 570 2247 die
583 2197 687 2248 Stoiker
740 2197 943 2266 appetendarum
971 2213 1061 2249 rerunt
1083 2204 1174 2267 parter
1197 2202 1250 2249 sint

176 2268 303 2318 brauohen
316 2281 352 2316 es.
375 2266 447 2318 Denn
464 2267 520 2316 dean
535 2265 687 2316 Niitzlioheu
740 2268 861 2318 honestae
872 2271 899 2316 at
908 2265 1013 2316 utilitas.
1035 2267 1098 2318 Eine
1112 2269 1189 2320 dritte
1200 2267 1251 2318 Art

178 2335 322 2399 gegeuiiber
346 2334 424 2384 fallen
448 2335 488 2384 dia
509 2333 617 2397 Begriffe
641 2335 686 2384 des
742 2336 787 2386 des
801 2333 884 2386 Gnten
896 2335 995 2385 konnen
1008 2335 1047 2384 die
1060 2335 1163 2386 Stoiker
1174 2335 1249 2400 nicht,

179 2404 314 2454 honestum
339 2403 388 2454 und
412 2405 510 2454 iustum
530 2417 686 2454 zusammen:
741 2404 792 2454 und
808 2403 844 2453 sie
861 2404 926 2453 wind
938 2403 963 2452 in
976 2404 1023 2454 dea
1037 2403 1150 2455 Biioharn
1164 2405 1194 2453 de
1207 2401 1249 2452 off.

178 2472 230 2521 wol
256 2471 317 2523 abar
343 2469 398 2520 sind
424 2471 530 2535 bonum,
555 2469 687 2536 hudubile,
741 2472 827 2532 wodor
840 2472 895 2526 hier
907 2473 970 2522 noch
982 2471 1115 2522 andarswo
1126 2471 1250 2536 erwiihnn

178 2537 360 2607 appetendum,
384 2538 445 2588 oder
461 2539 510 2587 wie
527 2538 566 2586 die
585 2537 689 2588 Stoiker
743 2540 853 2589 sondern
875 2545 940 2589 stets
960 2539 1025 2590 utile
1045 2541 1094 2590 und
1115 2541 1251 2590 honestum

180 2613 271 2686 sagten
283 2605 362 2686 (Stob.
374 2599 598 2685 p.'l26)utpeu}v‚
613 2604 689 2656 δοκι·
742 2613 976 2685 entgegengesetzt.
1006 2609 1137 2685 haeoltria
1152 2622 1252 2674 genera

178 2671 689 2806 nnntttttt’tnttzttttn
742 2674 1251 2802 ntitantttventitanti

179 2811 242 2862 unu
251 2810 300 2858 und
309 2809 446 2860 honestum
454 2811 509 2860 eine
519 2811 690 2873 Verruittlung
744 2817 805 2871 erst,
812 2808 1031 2859 naehdemdievon
1041 2807 1250 2869 unsejngeklem-
1387 2867 1388 2870 Ἴ

179 2877 689 2930 bildenko'nnen.Endliehsohlieastsieh
743 2884 840 2927 merten
858 2875 950 2926 Worte
967 2874 1181 2938 untergesohoben
1195 2889 1250 2924 wa·
1302 2887 1307 2892 ·
1387 2881 1388 2934 ξ

181 2947 227 2996 der
238 2945 356 3008 fulgendo
366 2946 426 2996 Sata
441 2945 515 3008 (tund
525 2949 570 3011 put
580 2950 627 2994 oet.
641 2961 690 3008 eng
743 2960 796 3010 reu,
809 2943 973 3007 hinnngeiiigt
985 2943 1027 2994 ist.
1387 2939 1388 2958 ¹

73 3071 76 3075 ,
172 3027 212 3064 *an
230 3015 276 3064 deu
293 3014 516 3076 vorhergehenden
533 3029 573 3062 an.
595 3013 689 3062 narum
779 3011 853 3074 Quod
884 3014 929 3078 qui
953 3027 1050 3079 parum
1076 3012 1251 3077 perspiciunt:

181 3080 554 3147 miissenwirdieWorteqrdd
568 3079 613 3131 uid
621 3081 690 3130 enim
743 3080 850 3132 n'airnlioir
867 3081 925 3130 duas
943 3080 983 3129 die
996 3078 1132 3142 Treunung
1149 3078 1251 3129 blesim

181 3149 294 3200 -idem
306 3150 415 3200 nitente
430 3148 531 3198 fiirden
545 3098 640 3198 iusatz
653 3148 690 3197 ei·
744 3147 880 3198 Gedanken
905 3146 1054 3209 stattfiudet‚
1080 3161 1107 3196 es
1132 3146 1252 3198 schliesst

181 3234 227 3268 nes
237 3217 332 3268 Lesers
344 3217 437 3280 holten,
451 3217 496 3266 der
507 3217 560 3265 sich
574 3217 629 3266 hier
641 3216 689 3265 den
744 3216 795 3264 sioh
808 3215 862 3264 elso
874 3230 906 3264 an
919 3216 1077 3280 rogitatione
1087 3214 1252 3279 &arpenna

181 3286 278 3336 Beweis
299 3285 341 3335 l'rir
362 3286 402 3334 die
421 3283 691 3334 Gleiehxeuaesouu
743 3299 783 3334 an.
946 3347 950 3351 Ι

181 3356 231 3405 und
243 3355 386 3416 hortestunr,
400 3351 497 3402 ireilieh
510 3352 578 3402 nieht
590 3351 689 3416 riohtig,
778 3353 912 3418 opinioque
924 3355 1010 3402 ornetis
1029 3351 1090 3402 ads
1109 3368 1148 3402 em
1162 3351 1251 3402 nadu-

181 3423 319 3472 anmerkte.
344 3419 406 3471 Was
420 3420 475 3470 sind
488 3436 536 3470 nun
550 3422 690 3486 megerae—
743 3419 836 3469 eosdm
857 3435 902 3486 pro
915 3420 981 3481 Mur,
999 3420 1079 3484 21‚4
1109 3422 1250 3488 opertionem
1387 3455 1388 3466 ,

182 3494 230 3541 ra?
253 3490 322 3540 Aueh
339 3504 409 3538 wenn
422 3487 462 3538 die
475 3487 690 3551 eingesehobenen
742 3488 833 3556 popula·
851 3505 868 3538 a
884 3504 930 3556 epe
949 3487 1110 3556 adipiscendi
1123 3491 1251 3539 exerrent.
1353 3498 1388 3540 't

182 3553 276 3608 W6rte
288 3557 347 3606 ¹aoht
358 3558 453 3620 w'airen,
471 3556 566 3606 konnte
580 3555 631 3606 Cio.
644 3556 689 3605 das
745 3558 840 3624 opinio,
852 3557 893 3606 die
906 3556 1072 3620 Einbildung;
1085 3573 1106 3608 s.
1118 3556 1159 3620 nl,
1173 3555 1196 3618 3,
1212 3554 1251 3605 11.

182 3631 290 3686 tristent,
306 3624 397 3674 dessen
412 3640 441 3675 er
452 3625 505 3674 sion
517 3625 579 3672 doeh
593 3639 640 3672 nur
651 3623 690 3674 als
781 3625 820 3674 11.
841 3641 930 3693 opere:
944 3625 966 3690 ξ.
983 3625 1022 3676 14.

183 3692 336 3757 Mittalglied
351 3691 393 3742 iiir
409 3693 456 3742 den
471 3692 567 3742 Beweis
580 3691 689 3756 bedient,
778 3693 839 3745 deos
859 3694 974 3762 pinnatos
995 3695 1102 3760 efficiet,
1129 3693 1192 3743 iiber
1212 3692 1252 3743 die

184 3761 253 3810 nicht
264 3762 301 3811 eis
314 3761 391 3812 dritta
400 3760 448 3811 Art
457 3758 588 3810 anfiihreu
605 3760 690 3824 Unger
744 3762 864 3813 Piliohteu
884 3779 965 3826 gagen
986 3763 1025 3813 dio
1039 3761 1132 3813 Gotter
1153 3776 1173 3811 s.
1186 3761 1251 3812 Einl.

185 3829 254 3878 eitirt
262 3830 293 3878 de
303 3828 352 3880 inv.
363 3830 390 3894 n,
402 3829 560 3896 52,157,w0,
572 3829 690 3880 utentem
744 3833 793 3881 und
807 3829 817 3879 1
829 3847 851 3880 o.
865 3830 888 3881 7.

184 3897 320 3947 honestum
335 3901 384 3948 und
397 3899 460 3952 utile
473 3897 609 3962 angefiihrt
626 3898 689 3962 sind,
777 3903 898 3966 pron-ime
918 3905 943 3948 et
958 3898 1097 3952 seeundum
1114 3898 1187 3962 deos,
1207 3914 1254 3948 uu-
