2774 4482
198 265 240 327 96
629 263 674 315 nn
692 261 836 364 orrrcpq

340 485 419 509 μμ
506 481 512 500 ι

198 503 313 566 dentiae
328 489 456 584 pr'o‘pri'a,
472 481 526 564 s'iro
538 489 603 566 ldoo
616 503 785 566 dictasunt:
801 523 874 584 quae
886 510 983 566 autem
993 503 1100 578 harum
1112 501 1190 580 virtu
1202 523 1271 578 um,r

199 589 236 650 de
251 588 357 668 quibus
372 589 429 650 iam
445 588 496 649 diu
514 588 676 668 loquimur,
695 608 769 668 quae
788 589 937 668 pertinent
955 588 992 649 ad
1011 569 1136 650 &iiiiii
1158 581 1265 649 rani'ht

200 673 235 734 ad
248 691 350 734 eorum
362 673 614 754 approbationem,
627 673 804 753 quibuscum
816 673 949 748 vivimus
960 690 1040 735 nunc
1052 673 1174 736 dicenda
1186 681 1265 735 sunt.

131 769 180 820 144
201 757 279 820 Talis
296 767 341 819 est
355 757 443 837 igitur
457 759 532 819 ordo
548 759 697 820 actionum
713 758 909 833 adhibendus,
923 766 969 832 ut,
986 777 1074 838 quem
1091 758 1267 820 admodum

200 844 232 904 in
247 842 380 904 oratione
396 842 552 916 constanti,
569 843 656 904 sicin
671 843 843 916 vitaomnia
859 844 919 906 sint
930 851 997 924 apta
1008 843 1084 905 inter
1100 863 1133 904 se
1148 851 1177 904 et
1193 861 1266 904 con-

200 927 352 989 venientia.
384 928 482 1007 Turpe
498 927 575 989 enim
596 928 736 1008 valdeque
757 929 894 990 vitiosum
915 928 992 990 inre
1013 947 1113 991 severa
1127 928 1266 991 convivio

201 1013 288 1092 digna
307 1020 357 1074 aut
376 1012 529 1073 delicatum
550 1013 675 1092 aliquem
693 1012 801 1076 inferre
820 1031 999 1076 sermonem.
1028 1013 1107 1074 Rene
1126 1012 1267 1086 Pericles,

202 1117 269 1160 cum
291 1097 412 1158 haberet
432 1096 573 1176 collegam
591 1098 623 1158 in
642 1107 778 1177 praetura
796 1099 976 1178 Sophoclem
996 1104 1116 1178 poetam
1134 1097 1212 1178 iique
1232 1097 1269 1159 de

202 1182 353 1244 communi
369 1182 464 1242 officio
480 1183 689 1244 convenissent
703 1191 731 1244 et
747 1203 817 1245 casu
836 1185 988 1246 formosus
1008 1201 1082 1263 puer
1097 1183 1269 1264 praeteriret

201 1267 379 1346 dixissetque
395 1266 574 1345 Sophocles:
597 1267 632 1341 ‚0
648 1287 774 1348 puerum
790 1269 936 1347 pulcrum,
952 1267 1087 1331 Periclel‘
1119 1268 1174 1342 „dt
1188 1268 1268 1330 enim

201 1363 377 1432 praetorem,
394 1351 555 1432 Sophocle,
570 1352 653 1413 decet
667 1371 729 1414 non
744 1355 841 1414 solum
857 1372 979 1427 manus,
995 1353 1148 1416 sedetiam
1165 1353 1267 1415 cordos

202 1437 380 1498 abstinentes
394 1437 531 1498 babere.“
558 1437 652 1516 litque
666 1439 725 1500 hoe
739 1437 817 1499 idem
830 1439 992 1519 Sophocles
1007 1440 1033 1501 si
1048 1438 1079 1500 in
1094 1439 1268 1502 athletarum

202 1521 377 1602 probatione
393 1520 528 1598 dixisset,
542 1521 618 1592 iusta
633 1523 862 1602 reprehensione
878 1523 1028 1586 caruisset.
1057 1524 1150 1585 'lanta
1164 1523 1208 1585 vis
1223 1531 1269 1584 est
1307 1577 1310 1590 .

203 1615 232 1667 et
245 1606 301 1667 loci
317 1616 345 1667 et
362 1607 513 1686 temporis.
544 1607 582 1668 Ut
597 1607 622 1668 si
637 1607 703 1686 qui,
725 1626 793 1670 cum
813 1627 931 1670 eausam
952 1609 991 1670 sit
1011 1616 1143 1680 actuum,
1160 1609 1199 1669 in
1219 1607 1270 1668 iti-

203 1709 272 1752 nere
288 1702 339 1752 aut
353 1691 383 1751 in
397 1692 595 1753 ambulatione
615 1695 715 1754 secum
735 1691 799 1772 ipse
815 1693 972 1756 meditetur
987 1702 1036 1756 aut
1055 1693 1081 1754 si
1103 1693 1172 1772 quid
1188 1693 1269 1754 aliud

203 1776 342 1838 attentius
359 1777 478 1856 cogitet,
494 1794 557 1838 non
571 1777 816 1855 reprehendatur,
832 1787 861 1840 at
874 1779 933 1840 hoc
946 1778 1025 1840 idem
1041 1779 1067 1839 si
1083 1777 1113 1838 in
1132 1777 1269 1839 convivio

136 1871 184 1922 145
205 1862 299 1935 saciat,
315 1861 493 1923 inhumanus
508 1860 639 1922 rideatur
653 1862 768 1923 inscitia
781 1863 934 1942 temporis.
965 1864 1024 1924 Sed
1040 1882 1087 1936 ea,
1102 1881 1176 1942 quae
1191 1863 1270 1923 mul-

204 1956 267 2008 tum
283 1947 319 2008 ab
334 1946 514 2008 humanitate
529 1946 705 2025 discrepant,
720 1955 754 2008 ut
769 1947 794 2008 si
810 1947 859 2026 qui
874 1948 904 2008 in
920 1949 985 2009 loro
998 1955 1093 2010 cantet
1108 1955 1157 2010 aut
1172 1947 1197 2008 si
1212 1965 1270 2026 qua

205 2039 251 2092 est
266 2031 321 2091 alia
336 2039 442 2108 magna
456 2031 645 2110 perversitas,
666 2031 747 2092 facile
768 2040 888 2112 apparet
902 2050 958 2094 nec
973 2051 1151 2112 magnopere
1165 2022 1269 2096 admo-

204 2114 347 2177 nitionem
364 2124 393 2175 et
407 2123 560 2195 praecepte
576 2114 735 2179 desiderat:
753 2134 827 2197 quae
842 2126 939 2178 autem
951 2137 1040 2198 parva
1055 2117 1189 2179 videntur
1204 2135 1272 2179 esse

206 2200 308 2262 delicta
322 2217 418 2278 neque
433 2219 449 2261 a
464 2200 563 2261 multis
579 2193 705 2280 intellegi
719 2208 856 2281 possunt,
873 2203 908 2264 ab
923 2202 960 2265 iis
976 2211 1021 2266 est
1034 2203 1201 2282 diligentius
1218 2202 1271 2264 de·
1324 2226 1331 2236 ·

207 2284 384 2347 elinandum.
414 2284 496 2348 Utin
512 2285 618 2346 fidibus
633 2295 682 2347 aut
696 2286 783 2362 tibiis,
799 2287 931 2368 quamvis
947 2288 1077 2367 paullum
1093 2288 1270 2368 discrepent,

206 2379 305 2432 tamen
319 2368 350 2431 id
365 2389 382 2431 a
397 2370 506 2433 sciente
522 2370 711 2432 animadverti
726 2372 810 2445 solet,
827 2371 870 2433 sic
884 2373 1040 2435 videndum
1057 2382 1102 2434 est
1116 2373 1148 2436 in
1162 2373 1219 2434 rita
1232 2389 1274 2432 nc
1385 2415 1386 2434 i

198 419 303 480 harum
319 417 469 497 similibus„
484 417 638 511 virtutibus
659 361 839 498 quabriiriirs
868 417 981 498 ltaque,
1000 435 1073 498 quae
1093 425 1177 480 erant
1190 435 1264 500 pru-
1383 483 1384 486 ,

1385 2515 1386 2542 l

206 2553 361 2618 wenigstens
375 2569 423 2604 von
436 2555 521 2604 dieser
532 2555 581 2606 Art
593 2557 639 2607 dec
649 2571 725 2625 pru-⁴
801 2558 833 2608 de
841 2562 971 2610 coacmcma'
977 2561 1064 2625 qsfica'o
1073 2563 1215 2622 conectet,
1228 2573 1276 2608 zur
1385 2549 1386 2608 ἶ

206 2622 293 2674 dcatia
306 2621 373 2672 nicht
385 2623 539 2688 gesprochen
552 2622 623 2673 wind.
766 2625 944 2692 Besprechung
957 2628 1004 2677 der
1014 2627 1199 2690 gemeinsumeu
1212 2625 1275 2678 Aul-

243 2689 300 2742 1214.
324 2693 557 2755 academicam,
577 2691 634 2741 eine
646 2691 713 2741 wohl
767 2693 830 2756 gabe
842 2694 1106 2744 zusammenlrommen.

207 2757 409 2822 ausgeurbeitete
426 2757 507 2822 llede,
532 2759 557 2808 in
579 2759 625 2808 der
638 2758 713 2822 jedes
800 2770 1106 2837 Agmm55,z,111‚20‚
1121 2773 1162 2823 79,

206 2826 329 2878 Einaelne
341 2826 397 2876 dem
409 2826 512 2878 Ganzen
525 2827 670 2892 entspricbt.

242 2897 354 2946 coacdac'o
366 2894 452 2960 dogma,
476 2893 600 2960 Scherze,
614 2894 662 2944 wie
676 2895 713 2944 sic

208 2963 254 3012 der
277 2962 414 3013 leichteren
439 2961 624 3026 Unterhaltung
649 2962 714 3012 heim

208 3027 292 3080 hlahle
309 3045 472 3093 angemessen
489 3029 557 3094 sind,
585 3030 616 3079 de
629 3045 668 3080 or.
684 3029 714 3093 ll,

799 2862 958 2928 probatione,
972 2855 1132 2926 δοκιμασία,
1152 2856 1275 2922 Priilung.

768 2925 1039 3063 Seta't'titlall
1057 2927 1279 3062 mittit:
1335 2985 1338 2992 ·

209 3096 293 3162 62⁵2
316 3099 476 3148 obscoenitas
494 3097 646 3148 nouaclum
661 3113 713 3148 noa
769 3067 847 3128 mla
871 3065 916 3130 (Μ
936 3062 1023 3114 ’71οΜ
1041 3066 1103 3112 ‘mni
1124 3064 1210 3126 ⁶⁰00&
1235 3064 1281 3126 qut

200 3166 269 3233 soro
281 3166 361 3232 &gena
377 3165 424 3216 aad
437 3182 470 3216 aa
486 3166 599 3216 contacto
615 3165 716 3232 qm'dem
760 3132 863 3190 'arandi
873 3146 952 3230 Qu
963 3134 1090 3182 ‘mmm'

208 3232 357 3284 liberorum·
381 3231 664 3299 V31·§·104u„d134·
682 3261 717 3270 ,,,
806 3214 863 3264 145.
881 3216 980 3281 casoro
993 3219 1089 3277 caritot,
1110 3212 1276 3277 z.lll‚19.75.

209 3301 332 3352 dcliectm
353 3301 473 3352 bedentet
492 3301 567 3352 theils
588 3302 716 3365 weibiscb‚
804 3305 958 3370 apparet-
975 3300 1115 3352 desiderat.
1149 3300 1203 3349 nen
1221 3297 1278 3349 Sin·

210 3369 351 3433 weichlich,
369 3371 433 3420 daun
446 3369 508 3419 aber
519 3370 568 3420 wie
580 3369 664 3420 mellae
675 3370 716 3419 lti-
770 3369 844 3433 gulae
855 3369 935 3432 geben
949 3367 988 3418 dte
1001 3369 1090 3418 besten
1101 3369 1175 3419 lldss.
1194 3367 1278 3418 Durcb

211 3444 290 3502 stem,
304 3437 447 3498 unsittlich;
467 3453 487 3487 s.
502 3435 530 3502 ᾖ·
540 3436 596 3487 107.
771 3436 913 3488 Attruction
931 3437 1023 3486 richtet
1040 3436 1092 3487 sich
1110 3437 1155 3486 das
1167 3435 1279 3486 Verbum

245 3505 368 3572 collegam
383 3507 410 3556 ia
427 3510 559 3585 praetura.
590 3504 717 3568 01.84,4
771 3504 1138 3568 nichtnuchseiuemeigenen
1152 3503 1279 3568 subjecte,

212 3572 279 3636 (440)
292 3574 400 3624 wihlten
411 3575 452 3624 dre
458 3573 716 3638 AthenerSopholrles
771 3573 880 3622 soudern
894 3573 954 3621 nach
965 3573 1019 3622 dem
1031 3571 1138 3637 Suhject
1148 3573 1192 3622 des
1203 3572 1281 3621 niibcr

212 3641 251 3691 uls
272 3641 344 3692 Danlr
365 3641 406 3691 liir
427 3644 498 3692 selue
518 3641 643 3704 Antigone
661 3657 717 3690 zum
772 3641 909 3691 stehcnden
934 3639 1162 3690 Zwischensutzes.
1203 3639 1280 3690 Tusc.

212 3710 346 3773 Strategen
359 3709 464 3760 beidam
473 3725 553 3773 gegen
562 3707 650 3758 Samos
660 3723 718 3758 aus·
771 3707 800 3772 ll,
817 3707 855 3770 13,
869 3707 902 3756 30
917 3725 950 3758 no
965 3707 1062 3760 malam
1075 3707 1175 3775 qaddcm
1191 3708 1280 3772 uduan,

212 3777 355 3828 riickenden
370 3777 464 3840 lleere,
482 3783 580 3826 setzten
596 3775 644 3826 ihm
656 3775 718 3826 uber
771 3791 817 3826 nac
828 3777 853 3826 si
863 3778 889 3826 in
902 3792 983 3827 aarum
995 3775 1078 3827 locum
1090 3775 1182 3825 collata
1195 3779 1282 3826 emorita

212 3843 379 3896 Perikleszur
385 3845 461 3895 Seite.
482 3837 634 3911 στρατηγός
644 3845 718 3894 iiber·
772 3847 831 3906 ciart,
845 3859 902 3894 cam
921 3844 1086 3913 tarrpa'tadt'm's
1099 3843 1166 3908 molo
1179 3857 1282 3912 compa-

214 3919 301 3963 setzen
314 3913 353 3963 die
366 3912 458 3964 litimer
469 3913 545 3963 durch
555 3917 671 3981 praetor.
773 3912 864 3963 rande.
