2718 4484
480 199 806 270 'mmmmm

1049 221 1225 312 naa,

101 369 196 431 enim
226 367 305 431 aliud
329 371 463 439 erranti
491 369 580 432 riam
606 385 678 432 non
705 380 921 446 monstrare,
953 372 1033 452 quod
1055 373 1177 436 Athenis

102 454 350 517 execrationibus
366 456 488 535 publicis
507 464 640 517 sanctum
656 465 713 531 est,
735 457 760 518 si
780 458 838 520 hoc
855 475 918 519 non
937 456 995 532 est,
1014 468 1176 539 emptorem

102 541 174 621 pati
191 559 277 602 ruere
291 549 319 603 et
332 560 386 620 per
401 559 532 603 errorem
547 541 577 602 in
592 542 747 604 maximam
764 543 894 605 fraudem
910 543 1080 606 incurrere?
1108 545 1177 608 Plus

105 626 203 688 etiam
219 634 264 688 est
279 644 366 706 quam
381 628 456 688 viam
471 644 532 688 non
546 633 726 688 monstrare:
749 646 817 690 nam
833 637 878 690 est
892 629 1033 691 scientem
1047 630 1078 690 in
1093 647 1176 692 erro-

105 729 177 772 rem
194 713 317 774 alterum
331 711 484 774 inducere?
513 711 658 791 Diogenes
674 721 787 775 contra:
811 714 904 776 ‘Num
918 721 947 775 te
962 732 1058 776 emere
1073 715 1176 795 coegit,

108 797 164 878 qui
179 815 219 858 ne
233 798 367 859 hortatus
383 799 501 879 quidem
517 795 584 859 est?
613 797 663 859 llle
677 799 755 878 quod
770 815 833 860 non
847 800 978 878 placebat
991 800 1177 880 proscripsit,
1283 868 1287 873 ,

96 891 146 962 tu
164 883 245 962 quod
260 883 392 964 placebat
406 883 510 944 emisti.
542 883 628 957 Quod
645 883 670 943 si
686 884 735 962 qui
748 885 939 964 proscribunt
954 885 1092 946 “villam
1112 885 1177 946 ho-

109 985 195 1029 nam
210 967 367 1047 beneque
383 967 635 1040 aedificatam‚”
650 986 711 1029 non
722 969 926 1030 existimantur
937 969 1080 1043 lelellisse,
1091 970 1177 1032 etiam

111 1053 137 1114 si
158 1053 206 1114 illa
226 1071 281 1114 nec
299 1052 378 1114 bona
399 1061 442 1114 est
461 1072 515 1115 nec
529 1053 676 1115 aedificata
691 1054 815 1128 ratione,
835 1054 926 1115 multo
942 1056 1040 1116 minus
1056 1056 1106 1134 qui
1122 1055 1177 1116 do·
1249 1054 1254 1061 ’

113 1156 201 1200 mum
221 1155 283 1199 non
303 1138 466 1200 laudarunt.
483 1138 550 1200 uti
566 1138 644 1199 enim
659 1139 795 1200 iudicium
812 1139 953 1219 emptoris
969 1147 1027 1213 est,
1042 1139 1083 1202 ibi
1097 1141 1177 1202 fraus

112 1221 276 1284 venditoris
293 1239 366 1302 quae
380 1231 479 1304 potest
494 1221 580 1285 esse?
607 1224 659 1284 Sin
675 1232 771 1285 autem
787 1225 897 1286 diotmn
911 1243 974 1286 non
990 1243 1076 1286 omne
1091 1243 1177 1304 prae-

115 1308 255 1370 standum
282 1315 339 1383 est,
366 1311 444 1388 quod
471 1309 580 1382 dictum
606 1327 667 1370 non
693 1318 750 1384 est,
776 1309 805 1370 id
832 1309 1177 1390 praestandumputas?

115 1393 194 1468 Quid
216 1411 286 1455 vero
306 1402 351 1454 est
372 1395 486 1456 stultius
507 1413 593 1474 mam
609 1395 789 1456 venditorem
805 1395 867 1456 eius
883 1395 939 1469 rei,
960 1399 1048 1474 mam
1064 1395 1178 1469 vendat,

114 1480 184 1541 vitia
198 1476 342 1540 namuro?
365 1480 444 1554 Quid
460 1488 556 1541 autem
571 1487 630 1540 tam
646 1479 805 1541 absurdum
822 1498 908 1559 quam
924 1480 949 1541 si
965 1479 1078 1541 domini
1092 1479 1178 1541 iussu

114 1567 154 1628 ita
165 1565 620 1644 praecopraedicet:“domum
635 1565 865 1644 pestilentem
878 1562 1035 1627 vendo?''
1047 1564 1096 1626 Sic
1107 1583 1176 1646 ergo
1198 1578 1230 1628 56

114 1651 147 1711 in
166 1649 340 1730 quibusdam
361 1650 457 1712 causis
478 1651 573 1713 dubiis
592 1670 625 1710 ex
648 1651 737 1712 altera
752 1660 834 1730 parto
850 1647 1013 1712 defenditur
1026 1651 1177 1726 honestae,

115 1755 151 1797 ex
170 1735 258 1796 altera
278 1734 317 1796 ita
337 1735 371 1796 de
390 1735 509 1798 utilitate
525 1736 644 1808 dicitur,
664 1743 697 1796 ut
711 1737 754 1810 id,
775 1737 854 1815 quod
869 1736 938 1797 utile
953 1735 1097 1809 videatur,
1118 1755 1178 1797 non

116 1822 207 1882 modo
223 1821 316 1882 faeere
330 1821 489 1883 honestum
505 1822 552 1896 sit,
568 1821 619 1882 sed
635 1822 721 1882 etiam
735 1838 797 1881 non
812 1823 907 1882 lacere
921 1830 1014 1900 turpe.
1042 1821 1120 1884 Haec
1135 1829 1180 1884 est
1274 1847 1276 1850 ·

117 1906 176 1981 illa,
202 1923 277 1986 quae
301 1905 415 1968 videtur
437 1906 551 1969 utilium
576 1905 638 1967 sieri
663 1924 728 1967 curn
753 1905 886 1967 honestis
911 1925 998 1986 saepe
1022 1906 1177 1969 dissensio.

118 1993 200 2066 Quae
215 1991 398 2053 diiudicanda
413 2001 495 2054 sunt:
518 2011 580 2052 non
596 1992 683 2066 enim,
701 1999 733 2052 ut
748 1991 961 2071 quaereremus,
977 1992 1178 2071 exposuimus,

120 2078 172 2139 sed
193 2084 226 2138 ut
246 2076 465 2156 explicaremus.
494 2078 562 2140 Non
581 2075 668 2154 igitur
688 2077 800 2138 videtur
825 2095 881 2138 nec
899 2077 1105 2138 frumentarius
1131 2077 1178 2138 ille
1199 2092 1231 2142 57

119 2161 250 2224 Rhodios
270 2181 324 2223 nec
342 2163 390 2223 hic
409 2163 522 2224 aedium
537 2162 671 2224 venditor
688 2163 779 2224 celare
794 2170 941 2242 emptores
957 2162 1102 2224 debuisse.
1119 2161 1178 2222 Ne-

16 2387 21 2394 ’
119 2415 625 2482 mmmwmmmm

122 2490 161 2538 ert
175 2501 281 2553 quaeso,
302 2479 414 2551 Metelle,
430 2485 552 2535 ιαάίααια
568 2499 624 2536 cor·

121 2569 242 2624 rumpere
250 2554 275 2604 ει·
285 2554 332 2604 Ιιοι
342 2570 393 2604 non
406 2557 453 2604 est.

155 2641 360 2692 execrationibus
370 2639 485 2706 publicis.
508 2637 622 2689 DasGe·

122 2717 176 2760 seta
191 2709 277 2758 wurde
294 2708 340 2758 aul
353 2707 469 2774 Buzyges
482 2707 623 2770 zuriiclrge·

121 2778 196 2840 lutra,
210 2791 230 2828 s.
244 2774 451 2839 Schweigh'duser
468 2791 499 2825 zu
511 2775 623 2824 Herodot

121 2845 162 2912 Vl,
173 2844 220 2894 231
231 2839 416 2912 Βουζύγης-
425 2836 495 2894 itata
506 2840 538 2894 dt
551 2842 622 2893 nol·

122 2910 155 2966 λὰ
166 2907 265 2982 ἀρᾶται
275 2911 321 2961 καὶ
333 2915 392 2968 τοῖς
403 2906 442 2982 μὴ
455 2911 623 2963 κοινωνοῦσι

122 2975 190 3033 κατὰ
206 2973 255 3030 τὸν
269 2972 332 3045 βίοι)
347 2975 450 3035 ὕδατος
465 2972 482 3044 ἢ
500 2975 589 3048 πυρὸς
605 2971 622 3044 ἢ
651 2996 657 3010 ·

122 3043 465 3168 ..teppptptppp
474 3047 623 3167 illuit

121 3132 281 3254 ἷῖιῒξιαεῑςιῖν
290 3153 445 3255 ταῖςσᾶραῖς
453 3177 487 3236 ‘¹0
500 3132 622 3244 τιρὲστίν,
644 3207 647 3212 ·

125 3257 151 3307 ol
160 3271 200 3312 τις
210 3249 249 3324 μὴ
263 3247 378 3324 φράσει’
394 3247 489 3322 ὀρθῶς
501 3245 627 3312 ὀδόν,”Η

124 3324 180 3391 πῦρ
194 3315 314 3378 ἐναύσει’
329 3316 346 3386 ἢ
360 3315 533 3390 διαφθείρει’
549 3313 625 3387 ὕδωρ

125 3389 260 3510 ῗῑθα.51ν51.
280 3389 320 3440 die
332 3388 414 3440 Verse
431 3390 475 3440 des
493 3387 589 3440 Ennius
605 3388 624 3451 l,

149 3497 283 3612 incudere,
296 3543 416 3610 Schaden,
429 3543 478 3593 wie
488 3543 512 3592 in
523 3543 568 3592 der
576 3541 626 3592 lle·

126 3611 329 3679 densartfraudi
340 3629 396 3662 esse
412 3613 461 3661 und
479 3617 550 3662 sonst
567 3611 628 3660 hiu-

126 3682 204 3806 flgini
225 3747 348 3800 indiciam
376 3751 497 3816 entptort's
519 3751 559 3798 est
582 3749 627 3796 cet.

127 3820 249 3882 Diogenes
267 3813 322 3867 uult
341 3817 392 3867 sich
404 3829 435 3866 ou
448 3817 495 3865 don
507 3816 629 3865 buchsta-

127 3887 172 3938 hen
184 3888 228 3937 des
239 3883 372 3936 Gesetzes.
385 3883 420 3934 Es
433 3884 467 3933 ist
479 3883 518 3932 ein
530 3881 629 3932 Grund-

677 2424 732 2467 satz
737 2416 781 2466 des
787 2412 927 2466 rh'mischen
932 2411 1032 2480 Rechts,
1043 2413 1179 2466 dasskeine

676 2482 1007 2546 Ueberlistuogstattfindet,
1017 2498 1056 2533 wo
1062 2481 1180 2534 derliiiu-

676 2553 715 2602 ier
737 2552 776 2602 die
795 2550 956 2614 Miglichlreit
976 2551 1028 2601 sich
1050 2551 1130 2602 selhst
1148 2566 1181 2600 zu

676 2620 833 2682 liberaeugen
846 2620 896 2681 hat,
909 2619 959 2668 und
968 2619 1061 2670 ehenso
1071 2615 1182 2669 schreibt

676 2689 716 2739 eiu
734 2687 827 2738 Gesetz
844 2702 903 2737 vor:
921 2701 962 2750 ea,
978 2703 1042 2752 qaae
1053 2702 1180 2738 comonea-

675 2755 754 2808 dnadi
765 2755 881 2806 caesuin
893 2754 1081 2807 condicionibus
1093 2754 1181 2805 dican

676 2829 727 2889 tar,
738 2827 763 2875 α’
768 2823 855 2892 palam
863 2828 1013 2890 appareant,
1023 2822 1180 2875 conditorem

675 2907 726 2944 non
743 2892 857 2958 adiuuant
873 2891 906 2953 (d.
925 2893 949 2941 h.
964 2892 1128 2958 verpllichteu
1140 2890 1182 2942 ihn

677 2962 745 3012 nicht
762 2960 803 3010 liir
819 2960 863 3010 das
882 2958 991 3024 Gosagte
1009 2961 1181 3021 einansteheu‚

677 3028 817 3096 praestare)
839 3027 919 3078 cebri
938 3030 963 3079 si
981 3027 1057 3096 ucat,
1078 3043 1182 3079 emaum

677 3101 828 3167 speciosam,
838 3095 1182 3164 domamboneuodificatam.

712 3200 747 3234 eac
763 3182 845 3234 altera
857 3185 947 3300 parto,
966 3198 1024 3233 vom
1041 3181 1183 3248 Antipater,

677 3250 719 3301 iiir
735 3251 783 3300 den
800 3251 845 3300 das
883 3250 990 3301 iitzliehe
1007 3251 1033 3301 in
1049 3250 1096 3300 der
1106 3249 1184 3300 unbo-

679 3319 831 3370 schr'rinkten
844 3317 969 3369 Offenheit
981 3319 1088 3370 besteht.

715 3403 756 3453 56.
773 3421 824 3456 aon
836 3405 867 3453 ut
877 3419 1072 3470 mameranus,
1090 3403 1113 3454 d.
1126 3404 1143 3454 i.
1157 3411 1185 3453 ut

680 3474 776 3524 inanem
798 3472 968 3538 quaestionem
987 3471 1184 3523 institueremus.

681 3555 809 3610 seponere
818 3541 850 3590 im
861 3537 1002 3604 Gegensatz
1015 3557 1048 3590 zu
1057 3539 1186 3608 tepuere

682 3611 716 3660 ist
727 3610 791 3659 kurz
803 3610 937 3673 andeuten,
954 3608 1006 3660 fast
1016 3629 1050 3652 =
1061 3619 1185 3674 propone·

681 3693 718 3728 re.
741 3677 810 3727 Brut.
824 3678 865 3740 44,
881 3676 929 3727 lut
943 3679 1020 3746 plara
1032 3678 1110 3728 atrurn
1119 3676 1186 3728 dioto

682 3761 759 3813 qaam
775 3749 885 3814 scripta,
903 3745 971 3812 praed
986 3762 1020 3796 ece
1036 3744 1187 3812 quidusdam

683 3816 807 3948 pplppptthtlap
817 3817 942 3933 etnposius
950 3829 995 3864 nec
1004 3813 1137 3883 anplicabsss
1145 3815 1187 3864 ιά-

797 3896 824 3934 ιι
838 3921 843 3934 .
