2788 4486
219 210 279 292 12'4
383 228 387 237 ·
646 229 689 281 nn
708 219 846 282 orrrcrrs

216 391 308 458 vetur,
322 383 450 444 etiamsi
464 401 513 444 res
528 383 604 446 lorte
614 383 846 464 nonsuppetit..
872 346 1068 446 Vehementer
1081 391 1179 445 autem
1194 401 1283 448 arnor

144 547 145 550 Ἴ
217 467 410 531 mrdtitudinis
423 474 624 545 commoretur
633 469 698 548 ipsa
709 469 786 530 lama
797 477 825 530 et
837 467 975 547 opinione
991 466 1169 530 liberalitatis
1183 469 1278 532 bene·

217 553 361 627 licentiae,
381 553 506 615 iustitiae
531 552 597 614 lidei
616 553 807 634 omniumque
830 571 930 615 earum
945 552 1099 626 virtutum,
1121 572 1194 633 quae
1208 573 1278 634 per·

216 639 310 699 tinent
329 638 366 700 ad
389 637 644 700 mansuetudinem
664 656 782 699 morum
804 657 838 700 ac
861 637 1034 699 facilitatem.
1067 638 1183 700 Etenim
1208 639 1282 702 illud·
1384 669 1385 708 ;

217 723 330 802 ipsum,
351 723 429 802 quod
443 723 602 784 honestum
618 722 818 803 decorumque
833 722 971 794 dicimus
992 721 1059 801 quia
1074 741 1128 802 per
1143 742 1175 784 se
1188 724 1278 786 nobis
1384 749 1385 806 3

217 807 310 887 placet
324 807 497 888 animosque
512 807 644 870 omnium
659 815 763 870 natura
781 815 809 868 et
823 807 920 888 specie
935 825 988 869 sua
1002 817 1168 870 commoret
1183 809 1278 894 maxi·

216 911 322 972 meque
337 892 420 971 quasi
434 892 563 972 perlucet
577 911 611 953 ex
626 891 676 966 iia,
692 911 764 971 quas
779 891 1020 965 commemorari,
1040 891 1212 967 virtutibus,
1231 893 1276 954 id-

218 978 295 1038 eirco
311 977 387 1052 illos,
402 977 433 1038 in
449 977 554 1057 quibus
570 996 618 1061 eas
634 976 756 1038 virtutes
772 996 838 1038 esse
851 995 965 1051 remur,
981 996 998 1037 a
1012 984 1116 1038 natura
1129 975 1195 1055 ipsa
1211 978 1276 1040 dili-
1384 981 1385 1014 ³

217 1079 284 1142 gere
300 1061 441 1140 cogimur.
471 1063 565 1141 Atque
584 1063 645 1122 hae
656 1062 775 1141 quidem
795 1080 898 1124 causae
917 1060 1053 1140 diligendi
1069 1061 1276 1140 grauissimae:

164 1152 196 1202 33
216 1154 344 1226 possunt
363 1147 440 1206 enim
461 1154 610 1225 praeterea
629 1165 692 1208 non
712 1147 805 1208 nullae
825 1166 891 1208 esse
910 1147 1043 1208 leviores.
1073 1145 1160 1208 Fides
1179 1155 1279 1208 autem

216 1240 249 1294 ut
263 1230 404 1293 habeatur
417 1231 530 1292 duabus
551 1231 639 1292 rebus
659 1231 733 1294 ellici
749 1239 861 1312 potest:
882 1231 908 1292 si
927 1229 1157 1292 existimabimur
1175 1231 1279 1312 adepti
1384 1227 1385 1306 l

217 1315 403 1378 coniunctam
415 1333 483 1376 cum
497 1315 637 1378 iustitia
651 1317 888 1396 prudentiam.
914 1317 988 1377 Nam
999 1323 1028 1376 et
1037 1315 1073 1378 iis
1084 1316 1173 1377 fidem
1184 1315 1277 1378 babe-
1384 1317 1385 1362 t

216 1419 295 1474 mue,
308 1419 383 1480 quos
394 1401 460 1480 plus
474 1400 638 1479 intellegere
649 1419 735 1481 quam
746 1418 802 1463 nos
812 1401 989 1463 arbitramur
998 1419 1132 1480 quosque
1142 1409 1171 1462 et
1180 1402 1278 1463 lutura
1384 1423 1385 1466 1

216 1485 385 1566 prospicere
405 1485 551 1547 eredimus
572 1494 614 1558 et,
641 1505 708 1547 eum
720 1487 781 1548 ‘res
801 1495 902 1565 agatur
920 1487 951 1548 in
972 1486 1189 1565 discrimenque
1203 1503 1276 1548 ven·
1384 1531 1385 1546 .

216 1577 279 1631 tum
299 1569 350 1645 sit,
374 1570 510 1650 expedire
528 1589 592 1631 rern
612 1579 640 1632 et
660 1571 816 1633 eonsilium
838 1591 873 1632 ex
891 1580 1025 1650 tempore
1045 1589 1148 1650 capere
1169 1589 1275 1650 posse:

215 1653 293 1717 hanc
307 1655 384 1716 enim
399 1655 498 1716 utilem
512 1655 650 1716 homines
665 1655 829 1718 existimant
839 1651 995 1737 veramque
1005 1655 1201 1736 prudentiam.
1226 1655 1277 1716 lu·

217 1740 271 1800 stis
286 1749 382 1802 autem
398 1747 426 1800 et
440 1739 507 1801 fidis
522 1740 701 1814 hominibus,
717 1741 811 1816 idest,
826 1741 913 1803 bonis
925 1740 994 1802 viris
1010 1739 1048 1802 ita
1060 1740 1132 1802 fides
1144 1741 1275 1812 babetur,
1384 1785 1385 1788 ,

217 1825 341 1886 utnulla
356 1825 437 1886 sitin
453 1824 489 1884 iis
504 1825 614 1886 fraudis
629 1825 808 1905 inimiaeque
819 1826 959 1905 suspicio.
984 1825 1082 1904 ltaque
1093 1825 1140 1886 bis
1153 1826 1277 1886 salutern
1384 1825 1385 1908 ᾗ

134 1973 139 1980 ,
216 1917 360 1980 nostram,
373 1909 419 1969 bis
430 1910 575 1982 fortunas,
586 1909 632 1970 bis
642 1910 750 1971 liberos
762 1910 924 1972 rectissime
935 1910 1080 1972 committi
1090 1908 1274 1973 arbitramur.
1384 1939 1385 1988 3

163 1995 196 2046 34
217 1993 328 2056 Harum
347 1993 434 2074 igitur
457 1993 581 2054 duarum
600 1993 636 2054 ad
657 1995 744 2055 fidem
767 1995 931 2056 faciendam
954 1995 1064 2057 iustitia
1086 1995 1153 2074 plus
1178 1995 1276 2075 pollet,

216 2079 325 2158 quippe
341 2095 408 2140 cum
422 2097 456 2138 ea
471 2077 535 2138 sine
549 2077 702 2155 prudentia
718 2078 788 2140 satis
804 2078 908 2142 babeat
923 2079 1112 2142 auctoritatis.
1139 2079 1275 2142 Pruden—

215 2163 254 2223 tia
270 2162 333 2224 sine
351 2161 459 2223 iustitia
479 2161 551 2223 nibil
569 2162 644 2223 valet
662 2163 698 2224 ad
718 2164 879 2226 taciendam
899 2165 996 2226 fidem.
1028 2164 1094 2237 Quo
1114 2165 1192 2225 enim
1207 2165 1274 2244 quis
1384 2173 1385 2190 .

214 2247 359 2309 versutior
370 2255 399 2307 et
410 2245 550 2320 callidior,
566 2247 624 2308 hoc
638 2247 759 2310 invisior
775 2257 804 2309 et
818 2250 983 2330 suspectior
995 2249 1121 2312 detracta
1134 2249 1275 2329 opinione
1384 2317 1385 2330 ἦ

214 2332 378 2412 probitatis.
396 2331 491 2404 Quam
504 2331 616 2394 obrem
629 2331 837 2413 intellegentiae
848 2335 957 2396 iustitia
968 2334 1121 2396 coniuncta
1131 2342 1275 2414 quantum
1287 2345 1302 2362 ‘
1384 2337 1385 2416 i

214 2418 290 2478 volet
304 2416 421 2479 habebit
435 2416 471 2478 ad
491 2417 652 2478 faciendam
666 2418 756 2480 iidem
775 2419 895 2482 virium:
919 2419 1026 2482 iustitia
1043 2420 1106 2481 sine
1121 2417 1274 2498 prudentia

213 2502 339 2563 multum
353 2501 470 2580 poterit,
486 2501 549 2561 sine
563 2501 672 2562 iustitia
685 2502 757 2564 nihil
771 2505 874 2566 valebit
888 2504 1051 2585 prudentia.

160 2637 193 2688 ³5
300 2585 367 2659 Sed,
383 2601 422 2644 ne
437 2583 502 2663 quis
517 2583 556 2646 sit
570 2585 728 2648 admiratus
749 2605 815 2660 our,
833 2609 899 2650 cum
919 2589 995 2650 inter
1015 2607 1118 2650 ornnes
1139 2588 1273 2668 philoso·
1384 2595 1385 2672 j

213 2722 408 2772 ammttirsimaa
428 2736 514 2772 aarum
537 2719 716 2784 (Niigelsbacb,
770 2719 849 2771 baben
871 2736 967 2784 munes,
990 2723 1051 2771 doch
1072 2737 1141 2772 musa
1158 2723 1274 2772 bmuinor

214 2790 258 2840 lut.
271 2789 327 2840 Stil.
341 2804 366 2855 p.
382 2787 448 2853 189),
462 2789 573 2852 obgleieb
586 2789 618 2839 irn
628 2787 715 2852 Alige-
768 2788 932 2850 gescbrieben
944 2789 1059 2852 werden,
1080 2788 1139 2836 weil
1155 2787 1195 2836 die
1208 2787 1275 2837 blei·
1384 2819 1385 2822 =

212 2857 311 2908 meinen
332 2857 372 2906 die
393 2855 512 2906 Lateiner
531 2857 584 2906 viel
604 2854 716 2905 seltener
769 2854 983 2920 nuugderblenge
994 2856 1040 2905 der
1049 2852 1206 2905 desWeisen
1218 2860 1275 2904 ent·
1384 2877 1385 2880 ¹

212 2925 340 2988 derartige
351 2923 493 2987 Adjectiva,
505 2922 546 2972 die
559 2938 606 2972 nur
617 2923 657 2970 die
670 2921 714 2972 Εἰ·
769 2930 951 2988 gegengesetzt
963 2923 1039 2988 vird,
1052 2921 1094 2973 idn
1105 2921 1219 2972 weleben
1232 2921 1274 2972 d're

211 2991 343 3054 genscbait
366 2991 437 3040 eines
460 2989 583 3040 lebenden
603 2987 715 3040 Wesens
767 2993 853 3042 wabre
868 2989 989 3055 liluglreit
1006 2991 1030 3041 in
1048 2992 1094 3041 der
1110 2989 1275 3042 Unterscbei-

211 3059 365 3110 bezeichnen
377 3058 487 3119 lincea,
509 3057 554 3107 mit
570 3056 714 3106 abstracten
769 3057 1273 3123 dungzwiscbeniiutandbiisebestebt.
1384 3097 1385 3102 ,

212 3125 339 3190 begrilien
352 3125 496 3176 verbinden.
803 3129 876 3177 bonis
891 3129 967 3178 adm:
985 3125 1129 3192 z.1,t,20.
1157 3129 1188 3176 ut
1202 3124 1274 3176 nulia

246 3190 715 3262 qoaoperaaauadmaneuetodamn
768 3196 1069 3264 atterite—waplam,
1091 3195 1150 3244 dass
1164 3193 1272 3244 siekein
1384 3249 1385 3260 γ

210 3277 327 3313 anorum:
338 3276 359 3310 s.
371 3258 390 3323 l,
408 3260 447 3322 15,
462 3258 503 3310 46.
766 3261 895 3314 Verdacbt
906 3261 978 3312 tristi.
1384 3301 1385 3304 η

129 3329 134 3334 ’
245 3329 286 3379 33.
311 3327 379 3381 Nam
399 3331 438 3378 et:
459 3329 514 3378 dem
534 3332 561 3378 et
576 3328 716 3394 entspricbt
803 3319 854 3381 10.
873 3328 914 3381 35.
932 3329 1273 3399 interomnespluloeopltoa
1384 3347 1385 3386 r

209 3399 286 3448 iustis
298 3399 392 3446 autera
416 3395 443 3446 S.
456 3394 474 3459 1,
487 3395 512 3460 3,
525 3395 549 3446 9.
567 3395 609 3460 44,
624 3395 680 3446 155.
767 3403 875 3450 constat.
908 3396 958 3449 Das
973 3399 1008 3450 ist
1023 3407 1104 3450 etwas
1117 3414 1148 3450 zu
1159 3395 1210 3447 viel
1227 3410 1271 3459 ge·
1384 3391 1385 3430 t

244 3463 392 3530 intellegere
412 3463 559 3515 bezeichnet
579 3463 619 3514 die
634 3462 714 3528 lilng-
767 3473 832 3530 aagt.
865 3464 934 3516 llenn
948 3481 1019 3517 zuar
1033 3468 1132 3518 lebrten
1149 3466 1272 3516 allevem

209 3531 303 3583 beitim
313 3533 494 3597 rillgemeinen,
503 3533 600 3600 seuera
609 3533 714 3600 proepi-
767 3533 890 3586 Sokrates
910 3535 1069 3598 ausgebende
1086 3533 1194 3585 Scbulen
1215 3531 1271 3581 eine
1384 3587 1385 3598 γ

210 3616 267 3652 cere
278 3601 328 3650 und
345 3601 477 3652 consilium
492 3617 528 3652 are
545 3605 659 3668 tempore
672 3614 715 3650 co-
766 3600 1150 3666 EinlreitundZusammenlreng
1161 3601 1207 3650 der
1219 3599 1272 3650 eia·
1384 3603 1385 3616 ¹

208 3685 271 3739 pere
290 3669 344 3720 ihre
364 3667 454 3718 beiden
471 3667 624 3722 Unterarten
642 3662 714 3735 πρό·
768 3669 1012 3736 zelnen'l'ugendem
1025 3672 1106 3722 indem
1119 3669 1156 3732 sie
1167 3667 1217 3718 alle
1229 3664 1275 3717 aui
1384 3675 1385 3714 1

210 3729 714 3818 votuunddyptvoemanub—rem
767 3739 812 3788 das
837 3737 941 3788 Wiesen
969 3737 1181 3801 zuriicksdbrten,
1210 3723 1273 3785 aber
1384 3733 1385 3742 ’

211 3805 339 3874 expedire,
350 3820 400 3856 wre
412 3803 540 3875 eeplt‘oare
551 3802 570 3869 l,
583 3803 624 3868 24,
637 3801 678 3854 83.
768 3805 824 3857 eine
845 3821 874 3856 so
891 3822 959 3925 capp
966 3805 1140 3868 Verbindung‚
1160 3803 1209 3853 wie
1230 3801 1271 3852 die

80 3879 83 3885 '
143 3951 148 3956 ι
244 3875 371 3926 aommes:
385 3872 468 3938 einige
480 3873 526 3923 der
537 3872 626 3924 beaten
639 3871 713 3922 lldss.
768 3874 914 3928 Stoilrerirn
959 3873 1106 3939 idersprucb
1117 3869 1272 3922 mitderall·
