2788 4486
198 259 256 320 170
381 207 386 213 .
623 258 667 310 DE
686 252 822 312 orutctts

193 412 280 476 etiam
298 410 470 488 liberorum,
494 413 745 494 propinquorum,
770 412 945 484 amisorum,
967 429 1054 492 quarn
1075 413 1169 474 tacere
1188 413 1252 476 eui-

194 517 281 578 quam
293 497 438 560 iniuriam.
465 498 495 560 si
506 499 576 560 nihil
587 499 732 560 existimat
742 506 843 559 eontra
856 505 989 558 naturam
1006 498 1067 559 lieri
1082 498 1253 560 homiuibus

193 583 344 656 violandis,
355 583 424 662 quid
438 603 505 644 eum
520 604 555 644 ee
566 584 704 658 disseras,
716 584 765 663 qui
781 582 903 645 omuino
918 583 1069 644 homiuem
1085 603 1120 646 ex
1133 584 1254 645 homine

194 667 296 730 tollat?
327 668 379 729 Sin
398 669 567 748 fugiendum
586 669 615 730 id
635 670 752 749 quidem
774 677 885 742 censet,
907 668 958 729 sed
974 669 1065 730 multe
1082 667 1128 732 illa
1143 669 1254 748 peiore,
1312 681 1321 690 “

195 762 329 828 mortem,
345 761 554 834 paupertatem,
570 755 713 828 dolorem,
729 763 805 816 errat
818 754 850 815 iu
865 773 909 826 eo,
924 755 1002 832 quud
1016 753 1107 816 ullum
1122 763 1171 815 aut
1186 773 1253 816 eor-

154 841 174 900 u
195 839 277 919 poris
300 847 350 901 aut
373 842 507 902 fortunae
531 839 632 902 vitium
653 840 728 902 vitiis
748 839 838 915 animi
858 838 973 918 gravius
991 838 1144 900 existimat.
1174 839 1253 919 Ergo

157 995 160 1010 Ἀ
194 943 287 986 unum
302 925 388 986 dehet
401 943 468 985 esse
480 925 617 987 omnihus
628 925 824 1006 prepositum,
840 931 873 984 ut
884 925 986 985 eadem
998 924 1036 986 sit
1047 924 1153 986 utilitas
1165 925 1254 987 unius

134 1015 159 1066 ‘se
181 1010 334 1088 ¹cuiusque
355 1017 384 1072 et
401 1010 619 1083 universorum,
640 1029 727 1091 quam
748 1010 772 1071 si
789 1009 824 1071 ad
841 1027 873 1070 se
889 1008 1011 1089 quisque
1026 1009 1255 1089 rapiet,·dissul-

129 1098 136 1104 ”
194 1102 277 1156 vetur
293 1093 390 1154 omnis
405 1095 532 1156 humana
548 1095 708 1157 consertio.

69 1196 107 1256 »Vr
124 1206 126 1209 ·
141 1190 173 1239 27
278 1180 373 1258 Atque
384 1179 479 1256 etiam,
496 1181 520 1240 si
532 1181 589 1242 hoe
599 1189 701 1244 natura
712 1179 891 1259 praeseribit
906 1187 939 1242 ut
949 1179 1040 1240 humo
1052 1179 1175 1255 homini,
1187 1181 1254 1262 qui-

187 1283 320 1344 eumque
334 1264 380 1337 sit
396 1265 434 1324 uh
449 1283 513 1326 eam
528 1265 623 1344 ipsam
640 1284 766 1339 eausam,
782 1265 860 1345 quod
875 1265 901 1326 is
916 1266 1007 1325 homo
1023 1264 1070 1338 sit,
1087 1267 1254 1328 consultum

194 1349 269 1422 velit,
284 1367 405 1410 neeesse
421 1357 465 1412 est
480 1351 641 1412 seeundum
657 1350 789 1412 eamdem
804 1357 940 1412 naturam
955 1349 1089 1412 omnium
1103 1351 1254 1414 utilitatem

194 1451 468 1496 esse-communem.
492 1435 580 1508 Quod
593 1435 618 1496 si
627 1436 665 1497 ita
674 1442 727 1507 est
739 1453 796 1498 uua
807 1435 991 1496 continemur
1001 1453 1104 1496 omues
1115 1444 1143 1510 et
1153 1437 1255 1498 eadem

194 1521 255 1599 lege
270 1527 399 1592 naturae,
415 1519 501 1598 idque
516 1520 614 1599 ipsum
630 1520 655 1582 si
667 1521 706 1582 ita
721 1528 774 1594 est,
790 1527 867 1582 certe
880 1521 986 1582 violare
1000 1520 1122 1583 alterum
1133 1528 1256 1584 naturae

195 1606 257 1685 lege
268 1604 467 1684 prohibemur.
490 1605 598 1666 Verum
609 1615 705 1667 autern
716 1605 859 1685 primum:
874 1624 976 1668 verum
986 1605 1073 1685 igitur
1082 1613 1255 1670 extremum.

143 1701 175 1753 28
196 1690 271 1752 Num
286 1690 355 1752 illud
371 1690 487 1769 quidem
502 1690 663 1752 absurdum
678 1699 731 1764 est,
746 1690 825 1770 quod
840 1691 958 1770 quidam
973 1691 1082 1768 dieunt,
1097 1692 1211 1771 parenti
1223 1711 1256 1752 se

196 1783 246 1837 aut
264 1775 344 1836 fratri
363 1775 435 1836 nihil
455 1776 637 1837 detracturos
652 1775 699 1837 sui
718 1775 868 1837 commodi
887 1795 988 1850 eausa,
1009 1776 1093 1838 aliam
1112 1776 1255 1858 ratiunem

196 1879 262 1922 esse
282 1859 387 1920 civium
407 1860 594 1940 reliquorum.
629 1862 665 1922 Hi
685 1860 740 1922 sihi
759 1860 830 1922 nihil
849 1861 935 1935 iuris,
959 1862 1067 1922 nullam
1088 1861 1255 1924 societatem

197 1944 364 2008 eommunis
384 1945 514 2012 utilitatis
535 1963 621 2006 eausa
641 1953 775 2009 statuunt
793 1965 858 2008 esse
873 1965 939 2007 euru
956 1945 1079 2020 civibus,
1101 1966 1173 2026 quae
1187 1965 1256 2008 eeu-

198 2031 285 2092 teutia
312 2046 431 2092 ornnem
456 2030 625 2092 societatem
644 2031 779 2093 distrahit
798 2030 927 2093 civitatis.
957 2031 1014 2106 Qui
1033 2040 1131 2094 autem
1151 2032 1255 2094 civium

197 2116 340 2177 rationem
356 2114 456 2176 dieunt
469 2113 640 2189 habendam,
655 2122 843 2178 externorum
858 2125 974 2196 negant,
990 2117 1010 2177 ii
1022 2116 1162 2180 dirimunt
1173 2137 1256 2179 eem-

196 2218 317 2262 muuem
336 2198 457 2261 humaui
472 2200 586 2280 generis
603 2201 783 2276 societatem,
802 2220 858 2280 qua
873 2202 984 2264 sublata
997 2201 1200 2275 beneficentia,
1221 2203 1256 2263 li-

196 2284 340 2358 beralitas,
355 2284 481 2358 bonitas,
497 2285 606 2347 iustitia
617 2287 749 2352 funditus
761 2287 879 2349 tollitur.
902 2289 982 2361 Quae
994 2287 1160 2366 quitollunt
1170 2288 1257 2349 etiam

197 2371 335 2432 adversus
350 2370 421 2431 deus
437 2371 616 2434 immortales
631 2373 713 2453 impii
728 2372 873 2435 iudicandi
886 2381 963 2434 sunt.
990 2373 1034 2433 th
1045 2373 1080 2434 iis
1093 2373 1169 2434 enim
1183 2391 1256 2434 eou-

197 2456 326 2518 stitutam
342 2454 417 2515 inter
430 2455 567 2518 homiues
579 2457 747 2519 societatem
759 2465 901 2531 evertunt,
918 2458 1000 2521 cuius
1013 2458 1159 2520 societatis
1171 2458 1257 2520 artis-

197 2541 306 2601 simum
326 2540 473 2601 vinculum
493 2549 538 2601 est
556 2542 650 2620 magis
666 2542 798 2604 arbitrari
813 2562 879 2604 esse
893 2551 995 2604 eontra
1010 2552 1142 2605 naturam
1159 2543 1257 2604 homi-

197 2644 264 2687 uem
283 2625 396 2686 homiui
417 2625 566 2686 detrahere
585 2625 631 2687 sui
651 2627 800 2687 commodi
819 2646 905 2688 causa
926 2646 1013 2706 quarn
1029 2629 1126 2689 omnia
1142 2629 1258 2689 iuueni-

196 2712 284 2772 moda
299 2709 397 2772 subire
411 2709 455 2771 vel
471 2718 591 2772 externa
605 2711 649 2772 vel
664 2711 798 2790 eorporis
814 2711 857 2771 vel
872 2710 959 2771 etiam
974 2711 1068 2792 ipsiu's
1083 2713 1172 2773 animi
1185 2732 1259 2792 quae

197 2802 298 2857 vacent
317 2795 463 2862 iniustitia.
495 2796 572 2858 Haee
592 2795 669 2856 enirn
689 2813 748 2858 uua
767 2795 859 2859 virtus
880 2795 1011 2856 omnium
1030 2803 1075 2856 est
1095 2795 1260 2857 deminuet

230 2965 271 3015 26.
295 2967 423 3030 cuiquam,
444 2963 585 3029 iiherhaupt
607 2963 699 3014 ciuem:
753 2965 824 3014 mehr
834 2961 965 3024 verdeekt,
983 2962 1042 3012 dass
1054 2962 1098 3014 das
1111 2960 1196 3013 Ganze
1210 2977 1259 3013 nur

195 3035 275 3084 euius
293 3036 380 3101 petest
401 3033 549 3096 condirgere
565 3030 633 3097 qued
647 3033 700 3081 eati·
754 3031 795 3082 ein
808 3030 994 3082 Scheiuheweis
1010 3030 1056 3094 ist,
1074 3032 1119 3082 der
1130 3031 1187 3091 dus,
1205 3046 1259 3081 was

195 3117 272 3167 quam
281 3103 374 3168 potest.
754 3107 809 3150 erst
820 3115 853 3150 zu
864 3098 989 3149 heweisen
1002 3099 1043 3162 ist,
1060 3099 1099 3150 als
1115 3097 1259 3164 Gruudluge

229 3170 347 3237 eorporis
375 3172 422 3218 aut
442 3168 573 3233 fortunae
600 3167 699 3231 attium,
754 3167 799 3218 des
812 3165 1123 3219 Beweisesvoraussetzt.

196 3237 308 3287 Sehuden
319 3251 350 3286 un
360 3233 700 3300 demh'drperuderiiusseru
788 3235 830 3285 28.
844 3233 926 3286 Num.-
944 3251 967 3284 z.
981 3233 1006 3300 ξ.
1016 3233 1058 3286 84.

197 3303 286 3367 uitet,
300 3305 323 3353 d.
337 3304 353 3352 i.
367 3296 614 3371 ἀποπροηγμένον.
790 3304 861 3367 Quae
885 3306 928 3369 qui
955 3303 1048 3356 tolltmt
1069 3307 1147 3356 ettam
1167 3304 1258 3356 adt-er·

229 3363 261 3422 θ.
279 3370 320 3421 27.
336 3370 409 3433 Quod
416 3372 441 3421 si
448 3372 582 3435 duest-7
591 3375 701 3422 naturae
754 3389 801 3424 sus
813 3372 874 3424 deor
886 3376 947 3424 eet:
964 3388 1028 3439 uuae
1039 3371 1139 3424 hezieht
1153 3373 1204 3423 sieh
1217 3371 1263 3422 auf

195 3441 251 3506 lege
261 3440 435 3508 prohiberetur.
457 3437 580 3490 Weshalh
589 3440 640 3490 Ciu.
653 3440 701 3490 deu
755 3441 1041 3505 allesVorhergsheude,
1052 3456 1209 3493 communem
1218 3457 1261 3491 se·

196 3508 299 3558 Sehluss
311 3507 355 3558 des
366 3507 532 3574 Syllogismus
545 3512 613 3558 certe
624 3509 702 3560 arou-
755 3511 873 3561 artatam
888 3509 934 3560 mit
946 3509 1159 3573 eingesehlossen.
1182 3511 1261 3576 irupri',

196 3593 225 3627 ru
236 3575 348 3626 alterum
359 3579 406 3626 eet.
419 3575 486 3626 nieht
497 3575 578 3642 gleieh
590 3590 635 3626 aus
645 3577 701 3626 deur
756 3577 869 3641 mehler,
888 3571 994 3642 ἀσεβής.
1023 3575 1094 3629 Stah.
1113 3577 1159 3628 eel.
1173 3578 1223 3626 eth.
1236 3593 1259 3643 p.

197 3652 282 3695 ersten
303 3643 380 3695 Satze
395 3648 492 3696 natura
505 3646 659 3714 praeseribit
673 3648 704 3695 ut
756 3645 806 3696 216
816 3647 875 3696 πᾶν
883 3639 1036 3714 ἁμάρτημα
1045 3639 1171 3714 ἀσέβημα
1181 3641 1260 3704 εἶναι,

196 3715 271 3765 Ιιοοιο
283 3713 307 3762 h.
324 3741 353 3750 —
373 3713 516 3764 eunndtum
527 3712 588 3764 velit
599 3710 701 3776 fulgor-t,
755 3708 788 3764 τὸ
797 3709 852 3782 γὰρ
861 3705 1261 3780 παρὰτὴνβούλησίντιπράτ-

197 3783 306 3832 eundern
319 3788 373 3832 erst
383 3781 447 3830 zuei
458 3781 569 3831 ziemlieh
580 3779 702 3832 iiherfliisr·
756 3787 858 3834 trudas
881 3783 930 3831 τοῦ
954 3781 1025 3833 θεοῦ
1042 3773 1168 3846 ἀσεβείας
1189 3776 1262 3830 εἶναι

198 3850 251 3914 sige
274 3849 376 3900 Glieder
397 3848 541 3914 einsehiebt,
564 3849 629 3900 sieht
645 3863 701 3899 man
756 3844 912 3920 τεκμήριον.
936 3849 962 3900 S.
975 3849 1040 3900 llinl.

198 3919 265 3974 nieht
289 3917 337 3967 eiu.
372 3917 483 3970 Freilieh
506 3917 570 3972 wird
594 3916 701 3970 dudureh
790 3915 1262 3984 mmitaeommudrsquueuaomttu·
