2718 4484
459 308 559 360 men.
587 307 658 360 aar.
673 309 712 360 aa.
728 309 766 359 re.
1082 313 1139 372 141
1192 377 1197 390 ,

67 482 153 544 que,
183 463 232 543 qul
252 463 351 537 faciat,
372 481 559 535 communem
578 463 697 526 hostem
716 463 882 526 tenuiorum
902 472 1013 544 putant.
1047 467 1143 546 Atque

66 550 156 610 haec
176 549 338 628 benignitas
362 549 449 612 etiam
468 549 510 611 rei
529 550 661 630 publicae
681 559 725 610 est
739 549 831 624 utilis,
856 549 958 612 redimi
974 571 989 612 e
1005 551 1141 613 servitute

67 642 197 714 captos,
213 635 380 714 locupletari
396 635 558 697 tenuiores:
580 635 659 716 quod
675 634 793 715 quidem
804 636 889 714 vulgo
902 636 1021 698 solitum
1032 635 1095 698 fieri
1106 636 1140 696 ab

69 721 188 786 ordine
214 728 317 782 nostro
344 719 375 783 in
402 721 536 786 oratione
563 721 659 782 Crassi
686 721 828 801 scriptum
855 721 975 800 copiose
1001 723 1140 784 videmus.

67 805 167 866 Hanc
177 823 247 884 ergo
261 806 503 870 consuetudinem
514 806 697 884 benignitatis
707 805 851 885 largitioni
861 825 1017 868 munerum
1028 809 1139 886 [longe]

68 898 243 970 antepono.
278 891 356 954 Haec
382 899 428 954 est
453 893 584 971 gravium
602 891 757 952 hominum
777 900 862 971 atque
880 911 1070 972 magnorum,
1096 893 1143 956 illa

68 977 168 1056 quas'
185 986 404 1039 assensatorum
419 977 521 1058 populi
536 977 728 1039 multitudinis
743 977 885 1038 levitatem
900 978 1047 1058 voluptate
1059 979 1141 1058 quasi

67 997 269 1126 sicininum.
309 1061 468 1124 Conveniet
491 1071 588 1124 autem
619 1081 684 1124 cum
708 1063 739 1124 in
759 1063 855 1124 dando
880 1065 1052 1126 munificum
1077 1082 1141 1125 esse
1162 1069 1194 1119 64

68 1157 141 1212 tum
162 1147 193 1209 in
208 1149 347 1226 exigendo
363 1167 426 1220 non
441 1148 578 1210 acerbum
593 1149 623 1209 in
638 1147 777 1228 omnique
791 1167 822 1208 re
839 1149 1049 1222 contrahenda,
1071 1167 1141 1210 ven-

68 1233 180 1295 dendo
201 1233 344 1309 emendo,
370 1235 560 1296 conducendo
580 1234 718 1308 locando,
743 1233 988 1296 vicinitatibus‘et
1007 1235 1141 1296 confiniis

69 1337 220 1399 aequum,
240 1320 366 1393 laeilem,
387 1321 477 1381 multa
496 1319 595 1382 multis
615 1319 651 1380 de
672 1337 726 1380 suo
745 1319 808 1380 iure
824 1320 991 1394 cedentem,
1013 1319 1140 1382 alitibus

69 1423 149 1466 vero
175 1414 316 1483 quantum
336 1405 420 1466 liceat
442 1413 471 1466 et
488 1406 588 1467 nescio
609 1422 646 1466 aa
661 1405 755 1483 paullo
772 1405 838 1483 plus
854 1404 940 1466 etiam
957 1425 1044 1484 quam
1059 1405 1142 1466 liceat

70 1491 299 1552 abhorrentem.
329 1491 382 1552 Est
403 1491 481 1551 euim
501 1508 562 1552 non
583 1490 672 1551 modo
692 1489 809 1550 liberale
827 1489 957 1569 paullum
976 1509 1038 1552 nou
1053 1509 1142 1553 num·
1188 1485 1193 1494 ’

70 1595 171 1656 quam
196 1576 232 1636 de
258 1595 312 1637 suo
340 1576 403 1637 inre
423 1576 576 1648 decedere,
604 1576 656 1638 sed
676 1575 822 1636 interdum
842 1575 927 1636 etiarn
948 1577 1141 1638 fructuosum.

69 1661 221 1724 Habenda
241 1669 339 1724 autem
358 1661 432 1734 ratio
446 1659 498 1723 'est
513 1661 560 1724 rei
580 1659 741 1734 lamiliaris,
762 1680 850 1741 quam
866 1660 983 1740 quidem
998 1661 1084 1723 dilabi
1100 1661 1141 1722 si-

70 1766 147 1810 nere
176 1747 354 1826 flagitiosum
380 1754 436 1821 est,
461 1747 513 1808 sed
534 1747 586 1820 ita,
611 1753 644 1807 ut
662 1745 858 1808 illiberalitatis
879 1747 1070 1828 avaritiaeque
1089 1747 1141 1808 ab·
1237 1796 1243 1807 .

72 1834 113 1894 sit
129 1845 130 1850 ’
148 1833 291 1912 suspicio.
332 1835 430 1894 Posse
457 1834 535 1894 enim
561 1831 728 1893 liberalitate
755 1831 796 1892 uti
821 1850 882 1892 non
909 1832 1082 1912 spoliantem
1110 1852 1141 1892 se

73 1918 259 1997 patrimonio
290 1918 430 1988 nimirum
462 1926 507 1980 est
536 1917 676 1998 pecuniae
706 1917 817 1978 tructus
847 1917 1002 1980 maximus.
1052 1917 1141 1979 Recte
1175 1917 1177 1920 ’

74 2004 170 2066 etiam
186 2023 201 2065 a
216 2004 420 2085 Theophrasto
437 2012 481 2065 est
494 2004 607 2066 laudata
622 2002 812 2081 hospitalitas
843 2003 897 2064 Est
913 2003 1005 2075 enim,
1023 2010 1056 2064 ut
1069 2003 1142 2063 mihi

75 2089 203 2168 quidem
214 2088 335 2161 videtur,
347 2089 428 2151 valde
440 2089 580 2150 decorum
591 2096 688 2168 patere
701 2087 806 2148 domus
817 2087 972 2150 hominum
983 2088 1141 2150 illustrium

74 2173 250 2256 hospitibus
271 2174 445 2248 illustribus,
466 2174 554 2254 idque
573 2174 660 2262 etiam
683 2173 723 2236 rel
743 2173 875 2253 publicae
894 2183 939 2236 est
959 2183 1140 2247 ornamento,

75 2345 191 2394 etiamsi
201 2343 369 2407 qaoraandam
379 2343 588 2408 gravidis-coar
637 2359 699 2408 gem
712 2342 843 2411 Caepionis
857 2345 888 2406 (d.
896 2342 1140 2406 iliberdasGesetz)

76 2416 123 2461 eet
133 2413 280 2478 poetaram,
293 2414 377 2460 tuanen
388 2413 414 2460 ia
424 2427 454 2460 ea
464 2411 496 2474 (iu
506 2412 587 2477 poe'si)
616 2421 630 2444 ·
640 2413 731 2475 oratio,
745 2413 773 2460 io
785 2427 834 2478 qua
846 2415 872 2462 et
880 2416 1023 2464 amiantos
1035 2417 1143 2464 ornatur·

77 2493 143 2529 cum
155 2477 283 2528 borabam
294 2483 380 2529 atatem
396 2481 521 2530 anaiorera
533 2495 588 2530 essa
640 2484 757 2544 senatres,
780 2497 828 2547 pao
838 2496 887 2548 pro
900 2479 988 2532 ordine
998 2481 1041 2532 illa
1053 2481 1141 2532 dicaa—
1150 2539 1162 2548 ,

53 2593 55 2598 .
77 2561 163 2613 quam
179 2547 333 2600 111110111-
347 2551 403 2597 tam
417 2549 517 2598 combas
534 2563 587 2598 ma·
641 2553 698 2613 tar,
723 2552 749 2598 at
766 2549 862 2600 iatddaa
881 2551 1004 2600 ahoitatar
1020 2553 1066 2600 eet.
1096 2564 1140 2614 pro

76 2620 126 2681 gt's
139 2627 217 2680 qaam
229 2616 306 2666 redae
318 2617 468 2667 inserviant,
641 2615 800 2681 cruentat,
821 2617 868 2667 140
890 2621 918 2668 aie
937 2620 1058 2669 salamana
1077 2617 1142 2683 legio

113 2687 142 2734 ia
160 2683 313 2747 deterrenda
328 2683 455 2748 arante,
476 2683 586 2734 insolern
640 2683 761 2736 Scaeam
789 2687 898 2736 summis
921 2690 998 2736 emat
1024 2689 1142 2736 sanatam

78 2753 192 2802 dadarch
222 2753 262 2802 die
291 2752 479 2817 Freigebiglreit
512 2753 586 2816 altge—
639 2753 765 2816 laudibus,
776 2753 858 2804 realta
868 2755 896 2804 ia
909 2755 1005 2819 aqao'tes
1014 2753 1142 2804 hommes

78 2820 282 2871 schrecktwird.
315 2823 341 2870 iu
361 2821 430 2885 gicht
450 2822 518 2888 nicht
539 2822 587 2870 den
639 2823 758 2890 asportor
770 2821 844 2872 dicta.
1159 2871 1160 2874 ,

81 2887 170 2938 Grund
193 2903 240 2952 au,
269 2890 377 2940 scudem
402 2888 441 2939 die
464 2889 514 2939 Art
536 2889 586 2939 und
673 2894 747 2957 quasi
761 2893 966 2941 areaatatoram:
984 2891 1059 2956 guasi
1074 2890 1143 2942 dieat
1204 2913 1207 2917 ·

80 2956 186 3017 Weise,
197 2957 248 3006 wie
259 2957 311 3008 und
322 2958 361 3008 die
375 2957 523 3019 Umsthnde,
538 2974 585 3007 uu-

80 3031 121 3073 ter
134 3025 216 3074 denen
228 3031 307 3076 etwas
319 3026 461 3089 geschieht3
475 3025 492 3089 l,
505 3025 529 3088 9,
543 3025 584 3074 20.

80 3091 121 3156 lll,
134 3093 158 3153 5,
171 3091 212 3142 26.
238 3091 337 3144 (laceb.
346 3092 449 3157 GoltV,
463 3093 493 3142 19
506 3093 585 3144 relin-

81 3160 582 3227 qaebataa·atiaagotscastande'er‘aoca-

81 3229 582 3294 deisqaesacdendieboandasaocoratar.

116 3296 266 3364 locupletari
283 3297 402 3348 bedeutct
418 3305 489 3350 stets‘
503 3299 585 3348 reich-

81 3364 131 3413 lioh
141 3370 283 3414 eosstutteo
296 3367 345 3416 und
354 3365 417 3416 wird
427 3368 514 3416 darum
523 3367 585 3416 h'du-

82 3433 116 3495 lig
128 3431 175 3482 mit
187 3446 279 3484 armare
290 3434 444 3485 verbunden.

115 3502 148 3551 ab
162 3500 354 3566 ordinanostro,
369 3503 424 3552 dem
435 3501 586 3552 Senatoreu·

82 3570 179 3620 stando.

113 3641 141 3688 s'n
155 3640 269 3688 oratioue
282 3638 382 3690 Crassi:
398 3638 504 3690 Crassus
516 3638 534 3700 l,
545 3637 585 3704 30,

85 3704 139 3756 lot.
165 3705 281 3758 Gemeint
291 3707 327 3758 ist
339 3706 470 3758 sicberlioh
483 3707 523 3757 die
535 3705 584 3758 lle-

84 3773 112 3820 de
124 3773 165 3824 1111
174 3775 219 3824 das
230 3773 324 3826 Gesetz
336 3776 381 3825 des
391 3775 513 3826 Servilius
523 3775 585 3826 Cae-

83 3839 120 3902 pio
133 3858 158 3893 v.
169 3842 191 3893 J.
203 3843 252 3893 648
267 3842 345 3908 (106),
359 3845 417 3893 dass
430 3843 468 3892 die
483 3841 585 3894 Gerich-

83 3914 107 3956 te
119 3910 216 3961 wieder
231 3911 286 3960 dem
299 3911 378 3960 Sonat
394 3911 505 3974 gegeben
517 3924 585 3960 wem·

83 3975 128 4026 den
141 3978 242 4029 sollteu.
264 3979 335 4030 Brut.
345 3979 387 4044 44,
400 3977 448 4031 164
460 3977 502 4030 atta
513 3983 539 4030 a'o
551 3979 585 4030 le·

639 2957 1141 3023 deabusdruelraeeeatatorachildem,

639 3027 684 3076 der
696 3027 782 3078 immeo
794 3028 840 3078 den
850 3020 945 3090 bagriff
954 3026 1025 3077 einer
1033 3027 1142 3090 triigeri-
1186 3078 1194 3086 ,

638 3095 1142 3158 sebenSchmeicbeleibat,wlihrenddoeh

639 3157 1142 3229 dleSpeudevonllllen,dienachStaats-

640 3230 736 3289 iimteru
758 3230 884 3294 strabam,
909 3229 1021 3294 gegeben
1044 3231 1142 3280 warde,

673 3297 715 3348 64.
733 3299 917 3350 contrahenda:
933 3296 957 3364 ξ.
970 3297 1011 3348 40.
1033 3297 1142 3348 Derall-

639 3367 750 3428 gemeine
763 3367 858 3430 Regrill
870 3366 933 3416 wird
946 3367 1023 3416 durch
1036 3365 1051 3414 3
1063 3366 1142 3416 Paare
1248 3405 1249 3408 ,

639 3448 688 3484 von
701 3431 819 3485 Glledern
832 3435 963 3485 erlliutert.
986 3439 1011 3484 et
1020 3433 1085 3484 kann
1096 3450 1143 3484 111

639 3501 755 3568 confiniis
775 3503 860 3567 stehu,
880 3502 941 3551 well
958 3517 985 3552 es
1003 3503 1071 3552 nicht
1089 3502 1142 3552 dies

638 3571 684 3622 init
700 3569 765 3620 allen
778 3571 1015 3633 vorhergebendeu,
1034 3572 1143 3620 sondern

639 3640 683 3688 das
705 3638 783 3690 letzte
801 3638 866 3689 Paar
886 3639 931 3688 der
949 3637 1052 3703 Glieder
1068 3645 1144 3689 anter

639 3707 757 3758 einander
768 3705 907 3758 verbindet.

672 3777 843 3826 madnitatibus
854 3781 879 3827 et
887 3776 1012 3842 confiniis,
1025 3775 1050 3824 iu
1060 3775 1142 3826 Nach-

638 3841 791 3894 barsohalts-
804 3845 854 3894 und
864 3843 1140 3894 Greuzverh'ailtnissen.

672 3916 796 3979 querclam
817 3913 891 3964 liceat
908 3911 982 3962 nliml.
1002 3911 1027 3962 in
1049 3913 1146 3964 Betrell

639 3981 683 4031 des
696 3981 786 4044 aignan
795 3980 931 4032 Vortheils.
