2734 4478
490 302 550 354 ma
562 301 581 354 1.
609 302 678 355 aar.
695 259 752 353 1J2.
1110 304 1151 365 29

80 457 190 520 haberi
205 462 318 537 potest,
339 455 506 534 disputator
520 456 652 531 subtilis,
668 465 769 518 orator
783 475 887 537 parum
903 457 1069 529 vehemens,
1086 457 1152 520 dnl-

47 593 50 598 ,
83 544 137 604 εἰς
159 550 270 614 tamen,
298 541 548 622 uthheophrasti
572 540 750 622 discipulum
769 542 869 621 possis
888 559 1055 622 agnoscere.
1089 542 1151 604 Nos

83 632 189 690 autem
214 634 354 707 quantum
379 625 410 687 in
429 634 552 706 utroque
572 627 783 705 profecerimus
801 627 925 688 aliorum
944 627 982 688 sit
1000 625 1150 700 iudicium,

82 721 246 792 utrumque
266 719 342 774 certe
362 711 455 772 secuti
475 730 607 779 sumusr
622 711 766 792 Equidem
785 719 814 773 et
831 711 984 774 Platonem
1003 711 1148 784 existimo,
1171 721 1187 771 4

83 798 110 859 si
133 815 227 876 genus
246 797 363 858 forense
378 795 492 858 dicendi
506 804 630 858 tractare
644 796 799 870 voluisset,
820 795 989 874 gravissime
1004 808 1033 858 et
1047 796 1150 875 copio-

84 881 209 944 sissime
226 883 361 963 potuisse
376 881 471 942 dicere
486 887 515 940 et
529 881 771 954 Demosthenem,
792 881 816 942 si
830 880 891 955 ille,
910 900 984 960 quae
1000 901 1016 942 a
1030 881 1152 942 Platone

84 966 236 1040 didicerat,
251 967 394 1028 tenuisset
409 974 437 1028 et
450 965 647 1046 pronunciare
661 965 809 1038 voluisset,
825 973 928 1027 ornate
943 963 1152 1044 splendideque

82 1053 183 1113 tacere
197 1051 338 1131 potuisse.
361 1051 533 1130 Eodemque
544 1050 635 1112 modo
647 1050 683 1111 de
694 1051 848 1111 Aristotele
860 1058 888 1111 et
900 1051 1028 1112 Isocrate
1043 1050 1151 1124 iudico,
1207 1073 1210 1088 ·

84 1153 218 1216 quorum
231 1147 354 1216 uterque
369 1154 424 1198 suo
440 1135 539 1197 studio
555 1135 712 1197 delectatus
727 1135 905 1214 contempsit
918 1135 1050 1197 alterum.

176 1222 233 1282 Sed
259 1240 327 1283 cum
345 1221 516 1284 'statuissem
538 1219 667 1281 scrihere
688 1219 724 1282 ad
743 1227 771 1280 te
796 1219 902 1299 aliquid
923 1222 981 1282 hoo
1005 1223 1187 1298 temperet

82 1307 180 1368 multe
200 1307 337 1385 posthac,
357 1307 392 1367 ab
412 1324 448 1367 eo
465 1305 556 1366 ordiri
576 1305 653 1366 volui
673 1305 812 1377 maxime,
834 1305 914 1384 quod
934 1313 964 1366 et
982 1305 1067 1365 aetati
1085 1313 1151 1366 tuae

83 1400 167 1453 esset
187 1390 374 1470 aptissimum
393 1400 422 1451 et
440 1389 602 1452 auctoritati
623 1409 713 1450 meae.
743 1389 817 1451 Nam
837 1407 904 1450 oum
924 1389 1014 1451 muita
1038 1389 1097 1450 sint
1120 1389 1151 1449 in

83 1476 278 1556 philosophie
297 1482 325 1536 et
346 1475 440 1553 gravia
455 1483 484 1535 et
497 1475 577 1535 utilia
592 1481 723 1536 accurate
739 1473 916 1553 copioseque
931 1494 948 1535 a
962 1473 1150 1553 philosophis

84 1561 247 1640 disputata,
262 1559 404 1620 latissime
418 1567 514 1640 petere
528 1558 663 1620 videntur
678 1579 721 1632 ee,
738 1577 811 1638 quae
826 1559 862 1620 de
877 1559 981 1620 otticiis
997 1558 1102 1619 tradita
1114 1558 1150 1618 ab

83 1645 147 1707 illis
163 1653 192 1706 et
205 1653 362 1724 praecepta
377 1651 454 1706 sunt.
483 1644 566 1705 Nulla
580 1644 658 1705 enim
674 1645 749 1725 vitae
763 1662 832 1722 pars
848 1661 942 1724 neque
957 1643 1080 1723 publicis
1095 1661 1149 1704 ne·

85 1750 144 1810 que
159 1730 293 1809 privatio,
308 1747 404 1808 neque
419 1728 586 1790 forensibus
601 1747 695 1812 neque
711 1729 879 1790 domesticis
896 1730 925 1788 in
940 1729 1040 1800 rebus,
1057 1746 1151 1806 neque

124 1915 329 1984 Theophrastus,
350 1916 397 1966 der
416 1915 523 1965 Schiilot'
543 1915 593 1964 und

86 1983 241 2047 Nachtotger
250 1985 294 2034 des
301 1983 465 2034 Aristoteles.
475 1983 544 2033 Brut.
553 1981 592 2046 31,

90 2051 137 2100 121
148 2051 499 2113 Qm'sArtstotelenertoeior,
511 2049 593 2101 Theo-

84 2119 194 2188 phrasto
210 2117 323 2169 dulcior?
345 2133 382 2168 or.
398 2118 436 2182 19,
451 2118 483 2168 62
514 2117 594 2170 Theo-

84 2188 211 2254 phrastus
228 2185 358 2237 divinitate
374 2186 492 2253 loquendi
503 2201 595 2236 nornen

86 2257 187 2305 riaoenit.

122 2323 147 2371 4.
159 2321 290 2386 Equidem.
303 2322 395 2371 Diesen
405 2320 499 2370 Zosatz
512 2322 595 2371 inachi

88 2389 232 2452 Cic.,damit
241 2390 309 2438 scine
320 2389 487 2454 Behauptuug,
497 2389 593 2438 erhahe

91 2455 143 2503 sich
164 2454 240 2504 ollein
262 2455 286 2503 in
303 2454 394 2504 beiden
411 2453 593 2520 Stitgattnngen

89 2521 292 2586 ansgezeichnet,
308 2521 375 2572 nicht
390 2525 535 2574 onmassend
551 2539 593 2574 er-

88 2591 196 2640 scheint.
287 2586 291 2594 ’

120 2660 148 2707 si
166 2657 290 2708 suessae
312 2686 338 2694 -
356 2661 477 2727 potm'eee.
505 2657 531 2709 in
544 2661 595 2710 dor

85 2728 169 2777 oratio
182 2730 255 2776 recto
267 2726 355 2776 wiirdc
367 2728 454 2777 stehen
469 2729 494 2778 ei
500 2727 594 2779 octodo-

83 2797 343 2914 :trutttht't
356 2794 594 2928 ttttttttott

83 2930 233 2993 Bedingung
244 2929 356 2993 debehat,
370 2931 480 2994 decebat,
491 2935 595 2998 poterat

84 2997 159 3060 solgt.
186 3001 315 3065 potadseet
334 2999 443 3048 stomin
465 3001 510 3048 der
527 3005 592 3050 orat.

84 3065 133 3116 ott
151 3065 229 3115 durch
239 3066 370 3131 ficturum
378 3067 480 3131 fuisse,
498 3072 529 3117 ut
541 3083 594 3117 um-

83 3133 218 3183 schrieben
247 3133 351 3184 werden
385 3135 502 3195 miisseot'
541 3135 592 3198 vgl.

77 3201 171 3265 fuisse
183 3199 223 3264 111,
237 3201 277 3265 24,
291 3200 332 3250 93.

121 3267 329 3319 Barnosthenem:
342 3269 408 3320 Plut.
422 3270 492 3320 Dem
505 3264 594 3340 5Ἓρ-

84 3334 241 3414 μιιξποςδέ
247 3349 335 3404 φησιν
344 3331 513 3406 ἆδεσπότοςς
523 3334 594 3388 ὑπο-

82 3415 235 3472 μνημασιν
257 3403 390 3471 ἐντυχεῖν,
414 3405 444 3456 ἐν
468 3409 511 3461 οἱς
534 3405 592 3473 tye-

82 3486 201 3590 thet}
210 3465 365 3591 steht?
367 3473 594 3592 211νῖ1ἵὲ11ἕῷ

83 3608 125 3662 εἰς
141 3601 208 3662 τοὺς
228 3601 329 3674 λόγους
345 3603 518 3678 ὠφελῆσθαι.
541 3608 591 3658 Cic.

84 3691 121 3724 or.
137 3675 161 3736 4,
174 3674 205 3725 21
223 3675 292 3741 quod
301 3677 369 3728 idom
381 3678 413 3728 do
423 3677 593 3728 Demosthene

83 3745 234 3794 emirhhtmt
239 3749 334 3812 potest,
347 3748 420 3796 ouius
433 3763 467 3796 ece
476 3745 593 3814 epistulis

82 3811 202 3878 intellegi
212 3812 279 3876 ticet,
287 3815 498 3880 puemfrequeus
507 3815 594 3878 fecerit

84 3879 201 3932 Platonis
222 3880 335 3931 auditor.
366 3879 450 3932 Wenn
472 3883 534 3932 auch
552 3881 592 3931 die

83 3946 166 3997 Briefe
179 3949 225 3997 des
236 3947 425 4012 Demosthenes,
436 3951 531 4005 welche
542 3948 593 3999 Cio.

647 1916 743 1978 besass,
754 1915 847 1965 ehenso
856 1914 950 1964 undoht
959 1929 1050 1976 waren,
1062 1914 1101 1963 als
1111 1914 1151 1963 die

647 1999 694 2033 uns
715 1982 874 2042 erhnltenen,
897 1997 925 2031 so
945 1981 978 2032 ist
999 1982 1062 2030 doch
1082 1981 1152 2032 dieso

647 2049 783 2100 Naehricht
793 2066 825 2100 en
837 2049 888 2100 sich
900 2049 1031 2113 gloubiicb.

682 2118 714 2169 de
724 2117 879 2170 Aestatem.-
889 2119 921 2167 de
935 2133 972 2168 or.
988 2115 1029 2179 tu,
1046 2116 1085 2182 35,
1105 2116 1150 2166 141

647 2189 732 2253 itaque
742 2190 799 2255 ipse
809 2186 977 2248 Aristoteles,
991 2183 1152 2250 uunflorere

648 2254 790 2306 Isocratem
811 2253 944 2305 nobilitate
970 2253 1153 2320 discipulorum

648 2323 753 2385 videret,
764 2321 832 2388 quod
837 2322 879 2372 tue
890 2338 952 2372 suaa
964 2321 1153 2386 disputationes

648 2407 664 2441 a
676 2387 1154 2455 wueiosorerrsihueetoitthhueodm-

648 2475 723 2510 mero
744 2460 871 2508 comoros
893 2457 1046 2522 elogmetiom
1067 2460 1152 2507 trone-⁴

648 2527 755 2589 tulisset,
770 2527 878 2578 motam
888 2529 992 2593 ropmzte
1004 2525 1152 2590 totentsor-

647 2611 717 2646 mom
728 2594 875 2661 deceptum
886 2610 949 2644 suae
960 2620 995 2630 —
1005 2620 1039 2628 —
1050 2619 1085 2628 ·-
1097 2607 1153 2643 oer-

647 2679 754 2730 eumque
766 2662 892 2728 quendam
903 2661 1060 2712 Philocteteo
1067 2659 1152 2728 paullo

648 2747 723 2782 secus
734 2730 811 2781 dente.
836 2729 880 2779 [he
891 2731 959 2780 onim
972 2733 1047 2796 turpe
1058 2730 1110 2778 stoi
1116 2731 1155 2778 ait

648 2815 704 2850 esse
716 2803 811 2862 tacere,
828 2813 886 2847 oum
903 2798 1038 2859 barbaros,
1056 2797 1095 2846 hic
1106 2813 1154 2848 au-

648 2873 698 2917 tem
711 2882 767 2916 com
777 2865 917 2916 [socratem
932 2869 1067 2934 patoretur
1084 2863 1153 2916 dice·

647 2951 685 2986 re.
709 2934 761 2998 vgl.
779 2949 816 2984 or.
837 2934 880 3000 19,
898 2933 939 2983 62.
970 2931 1045 2982 Taso.
1059 2931 1076 2996 l,
1090 2933 1113 2994 4,
1127 2934 1150 2982 7.

648 3003 700 3053 Der
712 3003 792 3053 Struit
803 3001 862 3052 solit
874 3002 998 3051 zwischeu
1012 2999 1052 3050 01.
1067 3000 1123 3065 100,
1137 3001 1151 3050 2

647 3069 1005 3134 und01.108‚2(367-3tst
1019 3067 1152 3131 DerVers,

647 3140 695 3188 den
707 3138 860 3190 Aristoteles
876 3137 1032 3198 umiinderte,
1045 3137 1151 3188 lautete:

647 3203 767 3276 αἶσχρόν
789 3206 914 3271 σιωπᾶν,
939 3199 1095 3274 βαρβάρους
1121 3199 1150 3255 δ’

647 3273 697 3340 ἒᾷν
708 3274 806 3342 λέγειν.
892 3313 894 3317 -
1006 3275 1011 3279 “

680 3333 710 3392 2.
728 3342 809 3394 muita
823 3343 944 3410 posthac:
966 3342 996 3391 ob
1020 3341 1072 3393 Cic.
1090 3342 1153 3392 noch

647 3409 788 3460 hestinunte
805 3412 897 3460 andere
911 3409 1006 3460 Werhe
1021 3411 1084 3460 iiber
1095 3409 1153 3461 Phi·

646 3478 761 3543 losophie
784 3481 845 3528 nach
862 3479 956 3528 diesem
974 3493 1005 3526 zu
1022 3477 1152 3528 schreiben
1199 3489 1205 3498 ·

647 3547 772 3609 vorhntte,
785 3547 877 3596 wissen
890 3546 938 3594 wir
951 3547 1026 3597 nicht.

680 3615 804 3666 letissime
813 3619 910 3683 patera,
930 3613 1077 3676 allgemeine
1092 3614 1154 3662 oder
1217 3623 1220 3634 ’

646 3682 769 3733 vielieohe
790 3682 954 3747 Anwendung
974 3683 1063 3734 finden.
1089 3679 1108 3742 1,
1128 3682 1151 3742 7,

647 3750 742 3802 21124.
756 3749 779 3814 8,
792 3750 832 3800 26.
849 3750 887 3815 16,
901 3752 942 3802 51.
955 3751 995 3812 26,
1009 3749 1050 3800 92.
1067 3747 1097 3812 11,
1112 3749 1151 3814 15,

648 3818 681 3869 54
693 3821 742 3869 und
754 3817 799 3869 ost.

672 3885 1152 3953 soreneiostehtindernselbenGegen-

647 3961 702 4005 setz
716 3969 748 4005 zu
760 3955 916 4007 domesticus
928 3956 976 4006 wie
982 3957 1055 4021 forts
1065 3971 1096 4005 zu
1106 3955 1151 4007 do·
