2774 4482
505 255 566 306 Lln.
578 255 597 306 l.
623 253 694 307 CAP.
705 255 748 306 tt.
761 254 802 306 28.
899 266 901 272 '
1147 253 1187 316 73

121 417 355 472 consentaneum
372 409 551 471 sithominis
567 405 750 472 excellentiae
768 407 800 468 in
814 426 863 480 co,
884 407 915 468 in
930 424 988 486 quo
1004 413 1107 468 natura
1123 403 1187 466 eius

121 495 281 574 areliquis
303 493 498 572 animantibus
519 494 651 556 dilierat.‘
683 494 763 567 Quae
783 501 879 554 autem
898 509 967 570 pars
988 490 1116 552 subiecta
1137 509 1187 570 ge-

121 580 188 641 neri
204 587 262 653 est,
278 598 342 640 eam
357 579 401 640 sic
415 579 570 653 deliniunt,
586 588 619 640 ut
638 578 679 653 ‚id
696 579 836 640 decorum
851 576 939 638 velint
954 595 1032 649 esse,
1053 575 1133 654 quod
1148 575 1188 636 ita

121 673 247 727 naturae
260 671 491 726 consentaneum
508 664 554 737 sit,
570 664 648 725 utin
664 681 699 724 eo
714 663 878 724 moderatio
891 669 920 721 et
929 660 1123 740 temperantia
1133 678 1187 739 ap·
1270 709 1275 716 .
1299 661 1302 668 “

121 757 225 830 pareat
240 768 308 810 cum
323 749 420 828 specie
435 749 561 827 quadam
577 748 705 810 liberali!
736 747 813 808 liaeo
827 747 866 808 ita
881 745 1005 823 intellegi
1024 763 1186 824 possumus
1205 745 1247 805 28

123 834 292 896 existimare
307 853 342 894 cx
356 852 391 893 eo
407 834 525 908 decoro,
540 835 619 913 quod
631 838 734 913 poetae
746 839 915 912 sequuntur,
931 831 967 891 de
982 847 1040 908 quo
1053 831 1108 890 alio
1120 829 1186 890 loco
1207 837 1239 890 97

121 920 208 998 plura
228 918 284 980 dici
303 919 407 979 solent.
443 917 501 978 Sed
525 925 589 979 tum
611 935 725 979 servare
749 916 818 978 illud
837 921 956 996 poetas,
981 913 1060 993 quod
1081 913 1189 986 deceat,

121 1003 263 1075 dicimus,
289 1021 357 1064 cum
381 1003 425 1074 id,
453 1002 532 1081 quod
557 1021 671 1082 quaque
694 1002 959 1082 persona'dignum
981 1007 1039 1072 est,
1060 1006 1090 1060 et
1107 998 1143 1058 fit
1161 1005 1189 1058 et

122 1087 238 1161 dieitur,
255 1095 297 1160 ut,
315 1089 340 1156 si
355 1087 467 1148 Aeacus
483 1095 533 1149 aut
546 1087 642 1149 Minos
658 1087 779 1148 diceret:
874 1109 883 1132 ι

211 1189 347 1258 Oderint,
365 1199 426 1250 tum
440 1199 580 1261 metuunt,

122 1300 184 1368 aul:
1218 1375 1223 1382 Ι

209 1390 295 1452 Notis
309 1389 441 1470 sepulcro
456 1394 516 1470 ipsc
532 1401 574 1451 cst
581 1409 707 1470 parcos,
1230 1397 1234 1404 ·
1250 1425 1292 1475 χ

101 1547 106 1555 .
120 1493 296 1558 indecorum
311 1491 464 1566 videretur,
479 1491 558 1570 quod
574 1510 625 1551 eos
641 1491 731 1552 luisse
746 1493 842 1552 iustos
857 1490 1039 1570 accepimus:
1056 1496 1085 1551 at
1098 1489 1186 1549 Atreo

123 1578 237 1640 dicente
256 1577 377 1657 plausus
399 1576 573 1638 excitantur:
594 1585 639 1636 est
654 1576 732 1636 enim
753 1576 838 1654 digna
852 1593 981 1654 persona
997 1574 1099 1635 oratio.
1129 1573 1187 1635 Sed

121 1668 226 1741 poetae
241 1661 310 1741 quid
327 1679 472 1740 quemque
484 1662 583 1721 deceat
597 1680 633 1721 ex
643 1679 772 1740 persona
781 1661 958 1722 iudicabunt.
985 1659 1078 1720 Nobis
1090 1667 1187 1719 autem

121 1764 281 1825 personam
297 1745 439 1824 imposuit
452 1745 518 1825 ipsa
532 1753 635 1806 natura
649 1764 756 1824 magna
772 1764 838 1806 cum
855 1744 1019 1806 excellentia
1034 1751 1187 1822 praestan·
1227 1741 1236 1767 ²

121 1831 218 1910 tiaque
230 1831 422 1892 animantium
435 1831 621 1909 reliquarum.
649 1831 793 1902 Quocirca
807 1835 912 1908 pottae
926 1829 957 1889 in
971 1846 1077 1907 magna
1092 1828 1186 1888 varie·
1207 1837 1240 1888 98
1289 1854 1291 1858 ·

121 1923 179 1976 tate
194 1933 390 1993 personarum
406 1915 491 1976 etiam
507 1915 621 1975 vitiosis
642 1915 714 1993 quid
730 1914 882 1976 conveniat
902 1912 1013 1993 etquid
1030 1915 1129 1974 deceat
1142 1912 1186 1972 vi·
1205 1945 1211 1962 ·

122 2000 246 2074 debunt,
273 2000 359 2060 nohis
385 2007 480 2060 autem
506 2019 573 2060 curn
596 2007 730 2061 enatura
751 1999 944 2072 constantiae,
964 1997 1186 2068 moderationis,

120 2085 342 2164 temperantiae,
361 2084 554 2145 verecundiae
573 2091 673 2162 partes
694 2084 777 2146 datae
797 2085 856 2146 sint
877 2102 1002 2162 eumque
1017 2082 1118 2144 cadem
1134 2100 1187 2142 na·
1214 2149 1217 2156 ,

122 2177 188 2230 tura
204 2170 307 2229 doceat
321 2187 382 2229 non
396 2169 548 2248 neglegere
567 2187 655 2248 quem
671 2169 707 2228 ad
723 2171 846 2230 modum
861 2186 917 2229 nos
933 2169 1072 2228 adversus
1088 2167 1227 2228 homi-“e

6 2303 9 2332 ,
118 2271 175 2313 nes
191 2271 341 2332 geramus,
362 2253 485 2314 efficitur
504 2261 580 2314 utet
599 2253 682 2326 illud,
702 2256 784 2332 qnod
803 2254 839 2315 ad
861 2271 980 2314 omnem
999 2251 1186 2312 honestatem

14 2361 19 2370 ·
118 2337 263 2416 pertinet,
283 2337 422 2396 decorum
443 2356 529 2416 quarn
549 2338 604 2398 late
625 2339 724 2398 lusum
746 2338 784 2399 sit
804 2345 941 2417 appareat
961 2343 989 2396 ct
1007 2337 1078 2407 hoc,
1105 2336 1186 2414 quod

121 2427 274 2498 spectatur
288 2421 319 2478 in
329 2437 389 2479 uno
402 2437 518 2499 quoque
533 2441 637 2500 genere
648 2423 771 2484 virtutis.
799 2424 837 2484 Ut
849 2421 927 2483 enim
939 2419 1106 2500 pulcritudo
1118 2438 1185 2480 cor-

155 2605 188 2655 de
206 2607 289 2669 retunt,
302 2609 368 2655 ot-
376 2605 468 2655 velint:
479 2606 530 2668 vgl.
541 2604 559 2669 Ι,
569 2605 593 2670 3,
603 2607 626 2657 8.
717 2609 841 2672 Quosdam
852 2610 950 2676 pod'tac.
972 2607 1024 2656 Der
1037 2605 1187 2658 Godanlren·

227 2673 267 2722 97.
287 2673 446 2726 adolemus
456 2674 503 2724 den
513 2673 627 2725 Lehrloii·
681 2678 889 2740 zusammenhang
904 2677 938 2725 ist
955 2675 1050 2724 dieser:
1067 2673 1133 2724 Was
1145 2673 1188 2723 Γιίι·

120 2743 196 2794 chere
214 2742 260 2791 der
271 2739 391 2791 Rhetorilr
405 2743 455 2791 und
468 2741 626 2792 Dichtlrunst.
680 2746 759 2794 ,leden
780 2745 826 2793 das
843 2741 1010 2792 Geziemende
1028 2743 1074 2806 ist,
1094 2741 1187 2790 riehtet

119 2808 154 2858 So
168 2809 239 2861 stelit
247 2808 298 2859 Cic.
311 2825 350 2859 or,
359 2809 400 2872 21,
410 2809 440 2858 ll
451 2807 493 2859 liir
502 2811 549 2859 deo
559 2809 627 2861 Red·
681 2812 734 2861 sich
747 2813 809 2861 nach
822 2811 916 2861 seinem
926 2809 1071 2860 Charaktcr.
1094 2808 1186 2859 ilerum

119 2891 167 2926 ner
183 2879 222 2928 die
244 2877 388 2928 Vorschrilt
404 2876 459 2928 aui:
476 2893 627 2946 amperpua
679 2879 782 2929 miissen
794 2879 834 2928 die
847 2878 948 2929 Dichter
960 2879 1022 2927 auch
1035 2878 1119 2940 sehon,
1133 2891 1193 2938 war,¹

117 2947 143 2994 ln
167 2947 237 2996 camai
254 2949 331 3012 parte
348 2948 487 3009 oratioue,
507 2949 618 2998 etatae
679 2947 722 2996 liir
745 2949 792 2997 den
815 2945 974 2998 Verbrecher
996 2946 1047 2996 sich
1069 2944 1185 3008 geziemt.

119 3013 181 3078 qaod
190 2981 637 3080 deeateetccoetdeecdomqood.
681 3015 726 3065 Die
742 3015 824 3066 Natur
841 3015 960 3072 aberlmt
976 3015 1032 3063 dem
1049 3012 1185 3062 Meoschen

119 3085 145 3130 et
160 3085 187 3134 te
204 3097 232 3132 rc
249 3080 281 3130 dc
291 3097 341 3146 poa
352 3084 441 3146 agatur
452 3084 566 3148 potinem
577 3083 625 3146 cst,
642 3117 643 3120 =
663 3113 665 3116 .
679 3084 718 3142 als
727 3083 866 3133 Chardkter
875 3081 994 3146 gegeben,
1002 3087 1101 3130 erstens
1111 3080 1186 3129 iiber-

120 3152 146 3197 et
155 3152 182 3199 io
191 3151 311 3217 personia
324 3153 461 3212 eteorum,
475 3151 519 3215 poi
531 3151 625 3214 dicuat,
679 3153 755 3217 haupt
772 3152 818 3201 deo
831 3149 936 3214 Vorzng
946 3149 995 3200 vor'
1006 3150 1053 3198 deo
1066 3146 1184 3212 Tlieren,

120 3220 147 3266 et
157 3233 254 3281 eorum,
268 3221 312 3282 qui
321 3217 438 3268 audiunt.
680 3219 743 3268 daun
751 3217 952 3281 dicMiissigung,
963 3213 1186 3278 Sthemhaltigkeit

156 3284 267 3349 Oderint,
281 3289 336 3336 tum
346 3288 407 3350 met.
429 3282 505 3336 Notis
515 3285 624 3352 sepulcr.
679 3301 704 3335 u.
715 3302 735 3335 s.
744 3301 785 3348 w,
798 3287 877 3337 daher
885 3287 996 3335 lenohtet
1005 3285 1052 3348 cin,
1065 3284 1114 3332 wie
1124 3283 1186 3333 weit

74 3409 79 3414 ,
108 3357 166 3408 ,σοι
195 3353 270 3402 Beide
287 3352 369 3404 Verso
387 3353 442 3401 sind
460 3353 626 3402 vermnthlich
679 3350 1183 3416 sichdasallgemeiecuoddasspeeiellc
1238 3360 1244 3370 ’

119 3435 165 3470 aus
178 3421 224 3470 der
233 3419 359 3484 Tregddie
368 3419 463 3470 Atreus
476 3422 521 3470 des
530 3419 625 3484 Attius.
680 3419 846 3470 Geziemende
856 3421 991 3485 erstreekt,
1005 3419 1028 3470 d.
1037 3419 1185 3469 neslench·

119 3487 231 3541 Ribbeck
242 3494 307 3550 trag,
318 3487 374 3536 Lat.
386 3487 459 3550 lrgrn.
470 3487 518 3538 136
531 3505 555 3536 u.
569 3487 625 3538 139.
679 3495 718 3538 tet
733 3488 786 3548 ein,
803 3489 861 3538 dass
879 3505 925 3538 nur
941 3491 998 3550 des,
1015 3502 1069 3538 was
1082 3486 1128 3536 mit
1140 3487 1185 3535 der

145 3558 492 3623 praeetaoliaauimmatiom,
498 3557 539 3605 ein
545 3563 624 3606 etwas
678 3557 799 3606 honestas
813 3556 846 3605 im
858 3555 1030 3618 Allgemciuen
1045 3555 1097 3616 (das
1111 3554 1146 3603 ist
1157 3555 1184 3603 io

119 3625 206 3674 harter
218 3622 349 3684 Gebreueh
362 3623 406 3673 des
419 3625 527 3686 genetiv.
539 3623 625 3673 obice·
679 3639 780 3674 omnem
790 3625 958 3687 honestatem)
971 3624 1020 3672 uod
1030 3622 1076 3673 den
1086 3620 1184 3672 Forde-
1272 3635 1275 3646 ¹

118 3692 200 3752 tivus3
214 3691 266 3754 vgl.
276 3691 300 3755 ξ.
311 3687 342 3751 87
353 3695 479 3742 eontentio
489 3693 632 3742 donorum?
678 3709 773 3756 rungen
788 3693 834 3743 der
846 3691 992 3755 Mdssigung
1003 3691 1183 3740 insbesondere

117 3757 148 3822 ll,
167 3759 206 3822 17,
223 3758 255 3808 58
273 3759 421 3810 consolatus
444 3759 555 3826 repulsa.
583 3757 624 3823 ΠΙ,
678 3760 890 3826 iibereiostimmt,
906 3759 949 3810 liir
965 3775 1011 3810 uns
1030 3761 1074 3808 das
1091 3756 1183 3808 Gczie-

118 3825 231 3944 {agam}
236 3831 372 3942 pertemere
393 3829 505 3878 cartana.
534 3827 565 3875 de
581 3826 622 3875 lin.
677 3829 765 3878 urende
778 3829 820 3880 ist.

140 3931 148 3960 a
196 3932 203 3958 r
252 3933 258 3944 ·
