2718 4484
373 273 377 290 ’
470 264 790 352 nannenus-ss
986 305 992 325 ·
1092 305 1151 368 173
1209 295 1224 353 ζ

83 459 172 526 sunt,
198 451 304 532 quihus
324 453 452 532 perspici
470 455 566 532 possit
589 456 657 535 quid
677 455 715 515 sit
733 463 856 535 propter
873 456 1084 536 turpitudinem
1104 460 1151 519 lu-

82 538 237 616 giendum,
253 537 322 616 quid
337 536 375 598 sit
389 540 468 617 qnod
484 539 591 601 ideirco
608 540 778 626 fugiendum
793 559 855 602 non
871 542 917 615 sit,
935 542 1013 622 quod
1030 544 1150 604 omnino

82 633 175 702 turpe
186 641 248 683 non
260 622 384 710 Sil·‚.,-S.,0..d
396 625 536 702 quoniam
552 626 632 706 operi
648 627 784 687 incohato
796 643 895 706 prope
905 634 1001 688 tamen
1016 628 1150 690 absoluto
1191 694 1196 702 ί
1231 677 1233 684 ι
1293 699 1295 708 Ι
1340 632 1347 656 l

81 719 237 788 tamquam
260 707 406 787 fastigium
422 709 615 788 imponimuS,
637 719 669 772 nt
689 720 852 788 geometrae
868 713 963 773 solent
976 732 1038 775 non
1053 715 1151 780 omnia
1204 716 1207 722 '
1224 712 1232 744 ⁸
1246 707 1254 716 '⁵

81 795 208 866 dooere,
229 794 280 854 sed
296 794 444 872 postulare
458 803 490 856 ut
506 797 646 874 quaedam
667 795 722 856 sibi
738 798 948 870 eoneedantur‚
966 817 1024 876 quo
1040 799 1150 860 laoilius

81 899 161 960 quae
176 879 278 940 volunt
297 879 453 957 explicent,
475 881 517 942 sio
536 901 590 961 ego
606 903 622 943 a
637 883 817 960 te=postulo,
836 882 877 942 mi
893 883 1006 957 Cioero,
1026 891 1058 944 ut
1078 885 1150 944 mihi

82 964 246 1041 concedas,
263 963 289 1024 si
302 973 402 1042 potes,
417 963 487 1027 nihil
504 975 617 1048 praeter
630 968 674 1041 id,
694 969 772 1047 qnod
787 968 945 1028 honestum
960 967 1011 1042 sit,
1029 977 1151 1048 prepter

81 1069 118 1126 se
139 1068 205 1110 esse
225 1049 430 1128 expetendum.
463 1050 513 1112 Sin
535 1052 592 1114 hoo
606 1072 668 1114 non
682 1053 747 1113 lieet
761 1071 814 1132 per
829 1051 1011 1132 Cratippum,
1033 1062 1061 1114 at
1080 1053 1148 1115 illud

80 1143 164 1198 oerte
180 1133 272 1205 dabis,
288 1135 368 1214 quod
381 1135 539 1198 honestum
555 1138 602 1210 sit,
618 1139 648 1200 id
663 1156 727 1200 esse
741 1139 866 1198 maxime
880 1147 1002 1218 propter
1016 1157 1048 1198 se
1062 1159 1149 1219 expe-

80 1221 216 1282 tendum.
241 1219 312 1279 Mihi
326 1221 470 1282 utrumvis
486 1224 557 1284 satis
573 1232 625 1298 est,
641 1231 673 1286 ut
688 1232 751 1284 tum
766 1225 832 1296 hoo,
847 1230 909 1284 tum
925 1223 993 1284 illud
1008 1225 1148 1303 probabi·
1241 1216 1247 1229 '

79 1307 141 1368 lius
156 1305 268 1366 videtur
281 1322 336 1366 neo
350 1313 496 1384 praeterea
507 1308 661 1389 quiequam
672 1308 830 1388 probabile.
857 1309 899 1370 Ae
909 1309 1037 1388 primurn
1050 1309 1080 1370 in
1092 1311 1149 1370 hoo
1170 1324 1202 1374 34

80 1389 241 1460 Panaetius
256 1389 455 1452 defendendus
470 1402 529 1478 est:
545 1395 623 1473 quod
634 1412 697 1454 non
711 1393 789 1455 utilia
804 1394 936 1454 honestis
952 1412 1081 1472 pugnare
1096 1395 1148 1455 ali·

80 1477 201 1556 quando
216 1494 306 1554 posse
322 1475 480 1538 dixerit-
496 1479 681 1559 nequeenim
697 1478 722 1538 ei
737 1479 779 1538 las
795 1486 856 1542 erat
870 1513 925 1552 —-,
942 1480 994 1538 sed
1010 1498 1055 1552 ea,
1076 1499 1148 1558 qnae

79 1563 252 1624 viderentur
261 1559 349 1621 utilia.
376 1561 454 1623 Nihil
469 1583 537 1624 vero
554 1565 623 1626 utile
638 1563 717 1644 quod
732 1580 795 1624 non
805 1563 883 1623 idem
895 1563 1062 1638 honesturn,
1077 1565 1148 1625 nihil

79 1649 244 1709 honestum
260 1646 338 1724 quod
354 1665 415 1707 non
429 1647 506 1708 idem
523 1649 590 1710 utile
605 1650 649 1723 sit,
666 1668 751 1728 saepe
766 1655 889 1710 testatur
902 1656 1046 1728 negatque
1061 1649 1147 1710 ulam

79 1741 196 1814 pestem
211 1731 354 1792 maiorem
374 1732 405 1792 in
423 1733 511 1793 vitam
525 1734 679 1795 hominum
694 1733 836 1794 invasisse
856 1750 943 1811 quarn
963 1753 1065 1794 eorum
1081 1736 1147 1813 opi-

79 1819 211 1893 nionem,
227 1817 276 1896 qui
289 1816 346 1877 isla
361 1816 553 1883 distraxerint.
580 1820 678 1899 ltaque
693 1837 762 1894 non,
777 1817 974 1898 utaliquando
985 1827 1147 1898 antepone-

79 1923 181 1966 remus
193 1901 272 1965 ntilia
281 1901 425 1977 honestis,
437 1903 489 1964 sed
497 1905 638 1967 uteasine
647 1923 747 1966 errore
756 1903 987 1978 diiudioarernus‚
998 1904 1146 1984 siquando

80 1989 262 2062 incidissent,
282 1987 394 2048 induxit
409 2007 481 2062 earn,
497 2008 570 2068 qnae
583 1991 729 2052 videretur
744 2009 816 2064 esse,
831 2007 893 2050 non
908 2008 980 2068 quae
995 1997 1082 2063 esset,
1098 2009 1146 2051 re-

80 2073 283 2154 pugnantiam.
313 2071 394 2134 Hano
411 2073 498 2152 igitur
516 2083 629 2154 partem
648 2075 776 2136 relictam
791 2074 971 2158 explebimus
987 2075 1077 2136 nullis
1093 2069 1149 2136 adss

80 2159 244 2232 minieulis,
265 2085 329 2231 egl,
343 2166 376 2219 ut
391 2158 509 2233 dieitur,
529 2161 618 2222 Marte
632 2167 747 2222 nostro.
777 2161 876 2240 Neque
896 2161 974 2220 enim
990 2161 1146 2240 quiequam

81 2254 128 2306 est
147 2246 183 2306 de
202 2243 259 2306 hae
273 2250 354 2324 parte
369 2252 440 2322 post
452 2244 622 2318 Panaetium
637 2246 824 2325 explicatum,
845 2245 923 2324 quod
943 2245 1060 2324 quidem
1075 2245 1146 2306 mihi

82 2331 272 2410 probaretur,
294 2328 329 2389 de
342 2329 378 2389 iis
394 2329 511 2409 quaein
527 2350 631 2392 manus
646 2350 726 2392 meas
742 2329 882 2394 venerint.

170 2415 243 2476 Cum
261 2415 349 2493 igitur
368 2414 461 2493 aliqua
483 2416 594 2494 speeies
610 2416 741 2478 utilitatis
762 2414 873 2475 obieeta
890 2420 945 2488 est,
967 2415 1145 2474 commoveri
1164 2423 1184 2482 8

83 2519 204 2562 neeesse
232 2508 285 2562 est.
325 2500 383 2562 Sed
404 2501 443 2574 si,
478 2519 544 2563 oum
569 2502 699 2563 animum
729 2500 902 2573 attenderis,
933 2497 1143 2579 turpitudinem
1165 2513 1196 2562 35

84 2737 284 2803 Ungenauiglxeit
296 2738 342 2789 der
354 2738 526 2805 Spreebweise
539 2741 587 2789 wie
642 2741 717 2790 sehon
730 2739 754 2804 ᾖ.
769 2739 799 2788 te
812 2737 971 2801 vortheidigt.

85 2806 138 2871 l,5‚
155 2807 186 2857 15
200 2809 587 2876 eareapartaquoeprimade-
673 2807 821 2857 inot'dr'oeent
855 2807 928 2856 niiml.
965 2805 1143 2857 diiudicanda:

84 2879 182 2944 scripta
194 2879 234 2926 ert
243 2903 278 2912 -
288 2879 357 2926 obest
366 2873 500 2941 indagatio
513 2879 588 2941 atque
641 2891 714 2925 werin
730 2891 757 2925 es
771 2875 823 2925 sieh
836 2873 940 2937 zuliillig
952 2890 979 2924 so
993 2875 1067 2936 tritt,
1086 2875 1144 2924 dass

83 2947 193 2994 ine-metio
216 2948 277 2994 νοντ’.
319 2944 386 2994 Statt
415 2943 586 2994 lortznfabren
641 2943 689 2993 wir
718 2944 842 2993 zwisehen
871 2943 958 2992 beiden
984 2943 1144 2993 entseheiden

81 3015 281 3080 praeceptopeti
284 3016 401 3080 possunt,
412 3019 468 3075 sagt
477 3027 505 3061 er
511 3027 588 3080 proe-
641 3013 750 3062 miissen.

85 3083 239 3148 captarunt.
674 3079 789 3145 dodranti,
811 3080 855 3129 hat
872 3080 896 3128 in
910 3079 979 3128 seiae
991 3079 1144 3145 philosophi-

117 3153 172 3198 tum
184 3148 231 3198 boo
244 3149 373 3199 tumidior!
381 3147 587 3216 probaodtoeot-
603 3153 610 3160 '
641 3150 698 3198 sebe
712 3148 904 3211 Untersuebnng
916 3148 1124 3212 hereingezogen.

83 3215 164 3266 deber.
195 3215 278 3268 Ueber
289 3218 420 3285 probabile
439 3233 459 3266 s.
476 3215 543 3266 Einl.
561 3232 586 3266 ιι.
675 3217 732 3279 sed,
755 3221 786 3266 ut
807 3215 911 3278 dicitnr,
937 3215 1023 3266 Marte
1041 3221 1145 3266 nostro.-

83 3300 105 3333 z.
115 3283 139 3349 ξ.
150 3284 191 3334 21.
206 3284 252 3334 Die
262 3284 397 3335 Akademio
407 3284 586 3348 gestattetCie.
640 3283 702 3334 Phil.
720 3284 748 3349 ll,
767 3284 807 3347 37,
826 3283 858 3333 95
875 3299 926 3334 rere
941 3287 1009 3334 enim
1023 3287 1080 3352 ipse
1097 3300 1145 3334 soa

83 3353 139 3402 bald
155 3353 202 3402 der
217 3351 322 3402 Ansioht
338 3353 383 3402 der
395 3353 586 3418 Peripatetiker‚
640 3357 730 3420 sponte
751 3381 785 3389 —
808 3352 962 3418 simulatque
977 3353 1074 3403 audivit
1090 3356 1144 3402 eius

83 3421 139 3470 dass
156 3420 219 3470 anob
237 3421 276 3471 die
294 3421 399 3470 'a'ussern
419 3420 500 3471 Giiter
513 3421 586 3470 einen
599 3427 604 3431 “
639 3423 774 3470 interitum
786 3435 832 3472 ouo
845 3420 930 3470 Morte
942 3437 983 3470 res
996 3437 1058 3471 onos
1070 3435 1144 3471 reeu-

82 3503 153 3538 wonn
166 3489 229 3539 anob
238 3489 271 3538 im
281 3489 414 3551 Vergleieb
425 3490 471 3538 mit
480 3489 525 3537 der
534 3487 586 3538 Tu—
639 3493 745 3556 perat-it.
768 3489 819 3538 Das
832 3489 1052 3551 entsehnldigendo
1064 3494 1095 3538 ut
1105 3489 1144 3540 dt-

82 3557 145 3620 gend
169 3572 218 3606 nur
241 3557 360 3620 peringen
382 3556 474 3606 Wertb
499 3556 585 3618 haben,
640 3560 707 3606 titur
723 3571 778 3606 war
793 3556 1072 3606 beiderdenRtimern
1086 3559 1144 3606 sehr

83 3624 137 3675 bald
154 3625 202 3674 der
216 3624 263 3674 der
279 3624 381 3674 Stoilrer
398 3641 430 3674 zu
447 3624 547 3687 folgen3
564 3621 586 3672 ll
639 3625 781 3688 geliiuiigen
797 3623 988 3688 Uelpertragung
1008 3625 1080 3674 laum
1099 3628 1144 3674 nd-

83 3708 103 3740 e.
116 3693 138 3742 2.
164 3691 213 3742 Mit
232 3707 278 3742 noo
296 3697 432 3760 praeterea
453 3695 586 3758 quiequam
639 3693 700 3756 thig.
961 3737 963 3740 ,

82 3761 181 3810 werden
200 3760 317 3826 Systeme
334 3761 382 3810 wie
399 3762 443 3810 das
460 3759 585 3826 epilxnrei-
673 3761 741 3826 quod
768 3760 866 3828 quidem
892 3761 957 3810 mibi
974 3763 1142 3828 probaretur:

83 3829 137 3878 sebe
150 3827 384 3897 zuriielxgewiosen.
639 3828 693 3878 also
706 3829 768 3889 anob
781 3830 820 3878 die
833 3828 928 3878 Sebrilt
939 3830 984 3879 dos
994 3827 1141 3878 Posidonius

115 3895 584 3964 ³4.Aoprrmomenboeoor.1luen
639 3897 718 3958 nieht3
739 3895 989 3962 s.uinl.u.z.§.8.
1224 3897 1227 3901 '

83 3977 159 4027 gegen
171 3965 260 4014 diesen
272 3963 396 4034 Yorwnrl
404 3964 439 4014 ist
450 3963 584 4014 Panaetius
672 3954 704 4016 8.
723 3963 764 4015 35.
782 3968 948 4016 commoveat:
969 3979 991 4015 z.
1005 3965 1028 4030 ξ.
1042 3965 1083 4016 35.
