2718 4484
478 246 537 323 mn
550 271 591 323 ur.
619 269 689 322 cue.
705 271 828 324 13-15.
1114 273 1173 340 lat

114 435 185 489 ante
203 426 295 507 pedes
310 427 406 508 Pythii
425 427 521 506 pisces
541 425 747 488 obiciebantur.
786 426 863 488 Tum
883 426 1005 489 Canius:
1029 428 1172 502 ‘Quaeso'
1194 443 1226 494 59

113 513 219 592 inquit7
233 511 315 591 ‘quid
329 514 453 585 esthon,
468 510 576 593 Pythi?
591 518 743 572 tantumne
756 510 904 592 piscium?
925 521 1077 575 tantumne
1092 533 1173 594 cym-

112 595 255 661 barumi‘
284 597 321 658 Et
335 597 394 671 ille3
416 598 506 672 ‘Quid
521 595 666 667 mirum?'
687 597 795 677 inquit,
811 598 963 661 ‘hocloco
980 607 1032 674 est
1048 599 1173 680 Syracu·

112 683 155 744 sis
172 682 313 762 quidquid
333 689 379 742 est
398 682 539 761 piscium,
558 683 607 744 hie
624 683 753 761 aquatic,
772 684 828 744 hac
845 683 909 745 villa
928 684 977 746 isti
996 703 1092 746 carere
1111 703 1173 746 non

111 767 261 848 possunt?
291 767 431 832 Incensus
448 767 553 830 Canius
570 767 726 848 cupiditate
742 767 891 830 contendit
905 788 921 829 a
936 769 1039 848 Pythio
1055 777 1088 830 ut
1101 786 1172 830 ven-

111 852 205 916 deret.
229 852 350 914 Grarate
361 852 522 932 illeprimo.
547 853 623 926 Quid
635 850 746 918 mrdta‘?
761 853 904 932 impetrat.
928 855 1006 914 Emit
1015 855 1107 915 homo
1121 874 1172 915 cu-

110 939 203 1020 pidus
219 946 247 999 et
261 938 390 1017 locuples
406 938 491 1012 tanti,
513 938 611 1018 quanti
626 937 746 1016 Pythius
760 938 862 1011 voluit,
878 945 906 998 et
921 939 990 999 eruit
1004 939 1172 1001 instructos.

110 1021 341 1096 Nominatum,
362 1023 513 1101 negotium
534 1022 659 1084 conficit.
688 1021 791 1083 Invitat
805 1023 910 1084 Canius
931 1023 1073 1101 postridie
1088 1023 1173 1085 land·

108 1109 197 1172 liores
214 1127 294 1180 suos,
305 1107 385 1168 venit
399 1107 464 1186 ipse
478 1115 598 1181 mature,
611 1107 751 1168 scalmum
766 1108 878 1168 nullum
893 1107 978 1168 videt.
1009 1109 1174 1182 Quaeritur

26 1239 29 1244 ,
109 1193 249 1273 proximo
265 1192 360 1253 ricino
377 1210 449 1253 num
466 1192 553 1253 leriae
569 1193 713 1271 quaedam
724 1192 906 1271 piscatorum
918 1200 1017 1254 essent
1031 1195 1110 1273 quod
1121 1213 1172 1254 eos

109 1279 211 1340 nullos
231 1277 348 1338 videret.
376 1277 491 1338 “Nullae
511 1278 589 1356 (quod
601 1276 718 1350 sciam’‚
738 1277 783 1338 ille
798 1277 903 1357 inquit,
924 1277 989 1338 ‘sed
1003 1279 1052 1339 hic
1065 1279 1173 1358 piscari

108 1363 183 1425 nulli
207 1363 311 1424 solent.
345 1362 445 1442 ltaque
468 1362 529 1422 heri
550 1360 677 1423 mirabar
696 1361 764 1440 quid
784 1363 954 1423 accidisset’
990 1363 1173 1425 Stomachari
1193 1377 1225 1426 60

109 1448 233 1510 Canius:
256 1448 307 1509 sed
328 1447 398 1527 quid
414 1444 539 1508 iaceret?
568 1446 707 1507 Nondum
723 1447 801 1507 enim
811 1447 946 1527 'Aquilius
962 1447 1071 1526 collega
1086 1456 1114 1510 et
1129 1450 1174 1509 fa-

108 1534 235 1595 miliaris
253 1552 337 1594 meus
353 1533 515 1612 protulerat
529 1533 565 1593 de
580 1532 647 1592 dolo
662 1531 739 1592 malo
755 1533 909 1593 lonnulas':
932 1533 962 1592 in
979 1532 1084 1612 quibus
1100 1533 1173 1614 ipsis

109 1637 179 1682 cum
205 1637 240 1679 ex
265 1638 300 1679 ec
326 1626 513 1698 quaereretur
535 1617 604 1697 quid
628 1625 706 1678 esset
726 1617 810 1678 dolus
830 1617 942 1691 malus,
966 1619 1171 1698 respondebat,

109 1721 179 1766 cum
200 1709 278 1764 esset
297 1703 373 1764 aliud
394 1704 575 1776 simulatum,
596 1701 673 1762 aliud
693 1709 797 1763 actum.
827 1703 892 1763 Hoc
906 1703 1024 1783 quidem
1041 1723 1112 1765 sane
1126 1705 1172 1766 lu-

110 1789 234 1860 culente,
250 1796 282 1849 ut
295 1789 330 1850 ab
342 1789 462 1850 homine
472 1789 567 1868 perito
580 1787 743 1858 deliniendi.
767 1788 844 1866 Ergo
857 1796 885 1848 et
895 1789 1017 1868 Pythius
1030 1797 1172 1852 etonrncs

52 1875 56 1884 '
110 1874 188 1936 aliud
200 1881 330 1952 agentes
343 1873 421 1935 aliud
434 1874 603 1934 simulantes
615 1871 728 1952 perfidi,
740 1873 876 1952 improbi,
889 1874 1034 1935 malitiosi.
1054 1874 1172 1936 Nullum
1273 1949 1280 1982 r

108 1960 199 2039 igitur
220 1978 324 2020 eorum
343 1959 452 2021 lactum
472 1965 571 2038 potest
590 1957 660 2019 utile
680 1975 758 2032 esse,
778 1975 846 2018 cum
861 1959 899 2019 sit
913 1965 958 2043 tot
976 1959 1052 2022 vitiis
1074 1960 1171 2057 inqui·
1203 1963 1232 2048 1ζῖ
1276 1985 1282 2015 e

111 2052 285 2204 113ωῃὸιιοᾱ
304 2129 329 2189 si
343 2129 495 2208 Aquiliana
515 2127 643 2190 delinitio
663 2147 730 2189 vera
751 2137 808 2200 est,
829 2149 863 2189 ex
883 2130 965 2191 omni
979 2129 1036 2192 vita
1052 2093 1172 2192 simula·
1192 2133 1232 2193 15

109 2216 151 2276 tio
168 2214 416 2294 dissimudatioque
434 2214 560 2275 tollenda
574 2219 627 2274 est.
657 2213 698 2273 lta
713 2232 767 2274 nec
785 2221 914 2275 utemat
933 2215 1051 2287 melius,
1071 2233 1126 2277 nec
1139 2223 1172 2277 ut
1194 2225 1223 2275 61

109 2301 229 2371 vendat,
260 2299 413 2379 quicquam
439 2297 585 2360 simulabit
610 2305 660 2358 aut
688 2296 882 2359 dissimulabit
907 2299 949 2358 vir
975 2298 1080 2362 bonus,
1121 2299 1174 2364 At-

110 2499 207 2564 battc’3
220 2503 346 2569 decretl,
359 2503 398 2569 18,
410 2503 441 2554 82
449 2518 498 2572 pro
510 2520 538 2554 ae
547 2506 616 2570 quis·
669 2503 1025 2572 ceptumserreoderrrffcrrc,
1036 2503 1174 2555 dieSehuld

110 2587 159 2637 que
176 2571 245 2639 quod
256 2575 364 2640 poterut
379 2571 410 2622 de
427 2573 516 2639 officio
532 2577 559 2622 et
573 2587 616 2622 ra·
669 2572 781 2621 lllschen.

111 2642 180 2690 tr'cnc
192 2643 305 2692 oratoru'o
316 2640 473 2708 disputabat.
703 2653 761 2690 com
773 2655 816 2692 ees
827 2639 909 2690 nullos
921 2639 1029 2691 caderet:
1045 2657 1068 2706 p.
1082 2639 1173 2691 Roscio

146 2709 186 2758 59.
212 2705 322 2760 (dococto
338 2709 380 2758 illc
396 2725 430 2758 sc.
448 2709 513 2773 agit,
533 2708 616 2758 mucbt
668 2707 723 2758 Am.
743 2707 767 2772 ξ.
788 2707 834 2756 128
862 2709 923 2758 boec
948 2711 1014 2759 bona
1039 2708 1109 2759 nullu
1129 2724 1171 2758 rc·

111 2776 346 2840 Scbwieriglreiten.
359 2805 392 2814 -
408 2779 558 2840 traductos,
570 2776 616 2826 mit
670 2775 780 2826 dierunt.

111 2843 239 2894 Zubebdr.
704 2841 745 2892 60.
764 2841 1174 2909 MJchtuosGauoawarrrae-

144 2915 326 2978 nommcsccit
338 2913 410 2963 n'drnl.
417 2913 531 2980 Pythius.
550 2911 614 2963 llass
669 2918 711 2962 tor
723 2909 771 2961 688
786 2911 851 2976 (66),
873 2912 927 2962 also
946 2911 1047 2963 Ciceros
1063 2913 1172 2977 Collegc.

48 3036 54 3047 ι
110 2997 141 3031 er
161 2981 272 3044 gemeint
287 2982 332 3043 ist,
354 2983 414 3045 gebt
430 2982 506 3031 sebon
525 2981 615 3031 daraus
670 2980 885 3044 Seinesormulac
897 2981 928 3031 de
939 2981 996 3033 dolo
1007 2982 1076 3034 malo
1088 2997 1174 3031 waren

110 3051 214 3112 berver,
224 3049 281 3098 dass
288 3049 327 3098 bei
334 3049 513 3100 demndebsten
520 3047 615 3099 Wecb-
670 3049 745 3098 theils
757 3047 1012 3114 Contractscleuscln,
1030 3051 1082 3100 siclt
1095 3065 1177 3114 gagen
1233 3104 1236 3109 ,

111 3117 149 3166 sel
162 3117 208 3166 des
221 3115 337 3180 Subjects
350 3117 441 3167 Canius
453 3116 616 3180 binzugcldgt
670 3117 763 3180 betrug
781 3133 812 3166 zu
827 3118 962 3181 sclistron,
980 3117 1055 3168 tbeils
1068 3118 1174 3168 bestim-

110 3185 183 3235 wird.
211 3185 273 3234 llier
286 3185 380 3236 konnte
394 3186 449 3235 eine
462 3185 615 3235 ndberebe-
669 3200 775 3248 mungen
811 3185 874 3235 iiber
905 3183 1173 3250 Restitutiouslrlagen,

111 3253 248 3316 zeicbnung
265 3253 310 3302 des
329 3253 445 3316 subjeets
461 3269 542 3302 urceo
556 3254 628 3308 eber,
669 3268 742 3302 wenn
765 3253 806 3302 bei
827 3251 942 3304 Verlaui
961 3255 1022 3303 oder
1043 3255 1172 3305 dbnlicbeu

111 3320 203 3383 behlen,
216 3321 276 3370 weil
287 3337 343 3372 man
354 3325 457 3371 amnica
465 3323 557 3387 facere
569 3337 616 3370 nur
669 3319 860 3372 Verb'dltnisserr
902 3321 957 3371 eine
995 3321 1174 3386 Uobarlistuug

111 3390 226 3439 vondem
236 3388 615 3453 Gliiubigersagt‚welcberden
670 3387 856 3452 stattgcl'undeu
870 3391 947 3440 batte.
973 3389 1128 3441 Namentlicb
1141 3407 1171 3440 an

110 3455 206 3508 Numen
231 3458 276 3508 des
298 3458 449 3508 Schuldners
474 3457 547 3508 nebat
571 3459 617 3507 der
669 3458 709 3508 die
730 3457 838 3507 letztere
860 3457 909 3508 Art
929 3458 964 3508 ist
985 3457 1039 3508 hier
1059 3459 1172 3522 gedacht.

111 3526 257 3587 scbuldigeu
274 3525 373 3576 Summe
395 3525 420 3575 in
436 3526 490 3576 sein
509 3525 615 3576 Schuld·
669 3525 805 3574 Aebnlicbe
835 3525 1035 3590 bestimmungen
1068 3527 1173 3576 entbielt

9 3647 10 3650 ,
110 3593 173 3644 bueb
193 3593 281 3644 notirt.
310 3593 370 3643 Dies
386 3607 441 3644 war
458 3592 620 3644 cineWeise.
669 3594 745 3643 sehon
758 3593 798 3642 dic
811 3592 854 3644 lec
865 3593 1010 3652 Plaetcrda5
1031 3609 1050 3643 s.
1064 3610 1086 3644 z.
1100 3593 1125 3659 ξ.
1138 3595 1167 3644 61

110 3662 154 3712 des
166 3660 294 3712 Verkauls
313 3661 368 3723 (der
380 3668 533 3724 scgsnaunte
545 3661 615 3711 Lite·
669 3678 692 3710 u.
707 3659 725 3725 1,
741 3659 779 3724 10,
793 3660 834 3711 32.

9 3745 10 3792 3
111 3730 282 3794 reticentem),
305 3730 399 3780 welche
420 3728 530 3780 dissolbe
548 3729 614 3781 Ver·
702 3732 729 3779 in
742 3731 832 3794 quibus
854 3730 888 3780 ist
899 3731 945 3780 nait
956 3729 1125 3800 respondebat
1139 3747 1171 3780 zu

109 3797 274 3848 bindlieblteit
290 3799 372 3860 batte,
389 3797 438 3848 wie
451 3798 491 3846 ein
504 3799 613 3860 gericht-
668 3797 812 3848 verbindeu.
826 3796 854 3847 ln
864 3799 910 3849 den
921 3798 1039 3848 Formeln
1049 3814 1103 3850 war
1109 3800 1171 3850 auch
1188 3818 1191 3823 ·

110 3865 191 3916 lichen
200 3863 329 3916 Contract.
347 3867 399 3915 ller
409 3863 552 3927 Gegensatz
564 3880 613 3914 von
668 3865 709 3915 die
721 3864 856 3916 Definiticn
870 3866 1006 3917 enthulten.

110 3937 214 3986 comma
225 3933 317 4000 facere
329 3934 391 3984 oder
403 3933 515 3984 sambore
527 3933 562 3982 ist
572 3947 615 3984 ao·
702 3931 776 3985 utile:
791 3949 814 3984 z.
828 3934 852 4001 ξ.
866 3935 907 3985 51.
