<?xml version="1.0" encoding="UTF-8"?>
<!DOCTYPE html PUBLIC "-//W3C//DTD XHTML 1.0 Transitional//EN"
    "http://www.w3.org/TR/xhtml1/DTD/xhtml1-transitional.dtd">
<html xmlns="http://www.w3.org/1999/xhtml" xml:lang="en" lang="en">
 <head>
  <title>
</title>
<meta http-equiv="Content-Type" content="text/html;charset=utf-8" />
  <meta name='ocr-system' content='tesseract 3.04.00' />
  <meta name='ocr-capabilities' content='ocr_page ocr_carea ocr_par ocr_line ocrx_word'/>
</head>
<body>
  <div class='ocr_page' id='page_1' title='image "./mtulliiciceroni00heingoog_0070.png"; bbox 0 0 2734 4478; ppageno 0'>
   <div class='ocr_carea' id='block_1_1' title="bbox 172 276 893 352">
    <p class='ocr_par' dir='ltr' id='par_1_1' title="bbox 172 276 893 352">
     <span class='ocr_line' id='line_1_1' title="bbox 172 276 893 352; baseline 0.003 -24"><span class='ocrx_word' id='word_1_1' title='bbox 172 289 213 352; x_wconf 76' lang='lat' dir='ltr'>gg</span> <span class='ocrx_word' id='word_1_2' title='bbox 251 276 256 282; x_wconf 94' lang='grc'><strong>’</strong></span> <span class='ocrx_word' id='word_1_3' title='bbox 603 280 646 330; x_wconf 83' lang='lat' dir='ltr'>DE</span> <span class='ocrx_word' id='word_1_4' title='bbox 665 277 802 330; x_wconf 75' lang='lat' dir='ltr'>unricus</span> <span class='ocrx_word' id='word_1_5' title='bbox 891 303 893 313; x_wconf 90' lang='lat'><em>·</em></span> 
     </span>
    </p>
   </div>
   <div class='ocr_carea' id='block_1_2' title="bbox 90 431 1241 2106">
    <p class='ocr_par' dir='ltr' id='par_1_2' title="bbox 171 431 1241 516">
     <span class='ocr_line' id='line_1_2' title="bbox 171 431 1241 516; baseline -0.001 -14"><span class='ocrx_word' id='word_1_6' title='bbox 171 438 299 502; x_wconf 85' lang='lat' dir='ltr'>randum</span> <span class='ocrx_word' id='word_1_7' title='bbox 314 444 416 498; x_wconf 89' lang='lat' dir='ltr'>estne</span> <span class='ocrx_word' id='word_1_8' title='bbox 437 433 508 515; x_wconf 88' lang='lat' dir='ltr'>quid</span> <span class='ocrx_word' id='word_1_9' title='bbox 522 441 644 508; x_wconf 86' lang='lat' dir='ltr'>temere,</span> <span class='ocrx_word' id='word_1_10' title='bbox 662 437 701 495; x_wconf 88' lang='lat' dir='ltr'>ne</span> <span class='ocrx_word' id='word_1_11' title='bbox 720 431 789 514; x_wconf 81' lang='lat' dir='ltr'>quid</span> <span class='ocrx_word' id='word_1_12' title='bbox 809 433 972 507; x_wconf 81' lang='lat' dir='ltr'>crudeliter.</span> <span class='ocrx_word' id='word_1_13' title='bbox 1008 436 1097 516; x_wconf 87' lang='lat' dir='ltr'>quue</span> <span class='ocrx_word' id='word_1_14' title='bbox 1117 447 1162 500; x_wconf 90' lang='lat' dir='ltr'>est</span> <span class='ocrx_word' id='word_1_15' title='bbox 1182 439 1241 501; x_wconf 86' lang='lat' dir='ltr'>viri</span> 
     </span>
    </p>

    <p class='ocr_par' dir='ltr' id='par_1_3' title="bbox 124 518 1240 602">
     <span class='ocr_line' id='line_1_3' title="bbox 124 518 1240 602; baseline 0.001 -15"><span class='ocrx_word' id='word_1_16' title='bbox 124 570 128 577; x_wconf 75' lang='lat'><em>,</em></span> <span class='ocrx_word' id='word_1_17' title='bbox 172 523 281 602; x_wconf 86' lang='lat' dir='ltr'>magni,</span> <span class='ocrx_word' id='word_1_18' title='bbox 296 521 384 587; x_wconf 80' lang='lat' dir='ltr'>rebus</span> <span class='ocrx_word' id='word_1_19' title='bbox 399 519 513 602; x_wconf 86' lang='lat' dir='ltr'>agitatis</span> <span class='ocrx_word' id='word_1_20' title='bbox 526 519 631 598; x_wconf 90' lang='lat' dir='ltr'>punire</span> <span class='ocrx_word' id='word_1_21' title='bbox 647 527 759 592; x_wconf 89' lang='lat' dir='ltr'>sontes,</span> <span class='ocrx_word' id='word_1_22' title='bbox 774 518 988 582; x_wconf 84' lang='lat' dir='ltr'>multitudinem</span> <span class='ocrx_word' id='word_1_23' title='bbox 1004 539 1189 598; x_wconf 83' lang='lat' dir='ltr'>conservare,</span> <span class='ocrx_word' id='word_1_24' title='bbox 1205 525 1240 588; x_wconf 89' lang='lat' dir='ltr'>in</span> 
     </span>
    </p>

    <p class='ocr_par' dir='ltr' id='par_1_4' title="bbox 94 603 1240 688">
     <span class='ocr_line' id='line_1_4' title="bbox 94 603 1240 688; baseline 0.002 -19"><span class='ocrx_word' id='word_1_25' title='bbox 94 669 105 684; x_wconf 59' lang='grc'>,,</span> <span class='ocrx_word' id='word_1_26' title='bbox 122 665 138 679; x_wconf 23' lang='grc' dir='ltr'>ἢ,</span> <span class='ocrx_word' id='word_1_27' title='bbox 173 607 256 670; x_wconf 87' lang='lat' dir='ltr'>omni</span> <span class='ocrx_word' id='word_1_28' title='bbox 271 608 389 668; x_wconf 82' lang='lat' dir='ltr'>fortuna</span> <span class='ocrx_word' id='word_1_29' title='bbox 402 612 481 666; x_wconf 88' lang='lat' dir='ltr'>recta</span> <span class='ocrx_word' id='word_1_30' title='bbox 496 611 583 684; x_wconf 89' lang='lat' dir='ltr'>atque</span> <span class='ocrx_word' id='word_1_31' title='bbox 598 604 722 665; x_wconf 85' lang='lat' dir='ltr'>honesta</span> <span class='ocrx_word' id='word_1_32' title='bbox 737 603 871 665; x_wconf 81' lang='lat' dir='ltr'>retinere.</span> <span class='ocrx_word' id='word_1_33' title='bbox 902 605 941 666; x_wconf 85' lang='lat' dir='ltr'>Ut</span> <span class='ocrx_word' id='word_1_34' title='bbox 954 606 1035 667; x_wconf 88' lang='lat' dir='ltr'>enim</span> <span class='ocrx_word' id='word_1_35' title='bbox 1050 617 1129 682; x_wconf 88' lang='lat' dir='ltr'>sunt,</span> <span class='ocrx_word' id='word_1_36' title='bbox 1145 627 1240 688; x_wconf 82' lang='lat' dir='ltr'>quem</span> 
     </span>
    </p>

    <p class='ocr_par' dir='ltr' id='par_1_5' title="bbox 173 688 1239 772">
     <span class='ocr_line' id='line_1_5' title="bbox 173 688 1239 772; baseline 0 -16"><span class='ocrx_word' id='word_1_37' title='bbox 173 692 352 756; x_wconf 87' lang='lat' dir='ltr'>admodum</span> <span class='ocrx_word' id='word_1_38' title='bbox 373 689 554 768; x_wconf 88' lang='lat' dir='ltr'>supradixi,</span> <span class='ocrx_word' id='word_1_39' title='bbox 580 688 630 766; x_wconf 86' lang='lat' dir='ltr'>qui</span> <span class='ocrx_word' id='word_1_40' title='bbox 649 688 770 751; x_wconf 89' lang='lat' dir='ltr'>urbanis</span> <span class='ocrx_word' id='word_1_41' title='bbox 793 689 882 750; x_wconf 89' lang='lat' dir='ltr'>rebus</span> <span class='ocrx_word' id='word_1_42' title='bbox 907 689 1024 752; x_wconf 87' lang='lat' dir='ltr'>bellicas</span> <span class='ocrx_word' id='word_1_43' title='bbox 1044 700 1239 772; x_wconf 86' lang='lat' dir='ltr'>anteponant,</span> 
     </span>
    </p>

    <p class='ocr_par' dir='ltr' id='par_1_6' title="bbox 175 771 1241 857">
     <span class='ocr_line' id='line_1_6' title="bbox 175 771 1241 857; baseline 0.003 -19"><span class='ocrx_word' id='word_1_44' title='bbox 175 778 218 840; x_wconf 91' lang='lat' dir='ltr'>sic</span> <span class='ocrx_word' id='word_1_45' title='bbox 230 775 361 856; x_wconf 82' lang='lat' dir='ltr'>reperias</span> <span class='ocrx_word' id='word_1_46' title='bbox 377 775 486 836; x_wconf 88' lang='lat' dir='ltr'>multos</span> <span class='ocrx_word' id='word_1_47' title='bbox 502 771 608 853; x_wconf 86' lang='lat' dir='ltr'>quibus</span> <span class='ocrx_word' id='word_1_48' title='bbox 623 772 787 852; x_wconf 89' lang='lat' dir='ltr'>periculosa</span> <span class='ocrx_word' id='word_1_49' title='bbox 801 781 830 835; x_wconf 88' lang='lat' dir='ltr'>et</span> <span class='ocrx_word' id='word_1_50' title='bbox 844 772 935 835; x_wconf 88' lang='lat' dir='ltr'>calida</span> <span class='ocrx_word' id='word_1_51' title='bbox 950 775 1070 841; x_wconf 89' lang='lat' dir='ltr'>consilia</span> <span class='ocrx_word' id='word_1_52' title='bbox 1084 778 1192 857; x_wconf 87' lang='lat' dir='ltr'>quietis</span> <span class='ocrx_word' id='word_1_53' title='bbox 1208 789 1241 842; x_wconf 88' lang='lat' dir='ltr'>ct</span> 
     </span>
    </p>

    <p class='ocr_par' dir='ltr' id='par_1_7' title="bbox 90 848 1238 950">
     <span class='ocr_line' id='line_1_7' title="bbox 90 848 1238 950; baseline 0.003 -28"><span class='ocrx_word' id='word_1_54' title='bbox 90 848 307 950; x_wconf 59' lang='lat' dir='ltr'>Qcogitatis</span> <span class='ocrx_word' id='word_1_55' title='bbox 322 869 351 922; x_wconf 90' lang='lat' dir='ltr'>et</span> <span class='ocrx_word' id='word_1_56' title='bbox 366 858 564 938; x_wconf 80' lang='lat' dir='ltr'>splendidiora</span> <span class='ocrx_word' id='word_1_57' title='bbox 578 866 607 918; x_wconf 90' lang='lat' dir='ltr'>et</span> <span class='ocrx_word' id='word_1_58' title='bbox 620 856 731 919; x_wconf 90' lang='lat' dir='ltr'>maiora</span> <span class='ocrx_word' id='word_1_59' title='bbox 741 858 900 922; x_wconf 87' lang='lat' dir='ltr'>rideantur.</span> <span class='ocrx_word' id='word_1_60' title='bbox 927 858 1095 940; x_wconf 81' lang='lat' dir='ltr'>Numquam</span> <span class='ocrx_word' id='word_1_61' title='bbox 1111 864 1238 926; x_wconf 87' lang='lat' dir='ltr'>omniuo</span> 
     </span>
    </p>

    <p class='ocr_par' dir='ltr' id='par_1_8' title="bbox 172 942 1239 1026">
     <span class='ocr_line' id='line_1_8' title="bbox 172 942 1239 1026; baseline 0.003 -18"><span class='ocrx_word' id='word_1_62' title='bbox 172 945 292 1026; x_wconf 89' lang='lat' dir='ltr'>periculi</span> <span class='ocrx_word' id='word_1_63' title='bbox 308 945 376 1024; x_wconf 85' lang='lat' dir='ltr'>luga</span> <span class='ocrx_word' id='word_1_64' title='bbox 392 942 635 1004; x_wconf 89' lang='lat' dir='ltr'>committendum</span> <span class='ocrx_word' id='word_1_65' title='bbox 655 951 701 1004; x_wconf 86' lang='lat' dir='ltr'>est</span> <span class='ocrx_word' id='word_1_66' title='bbox 715 951 748 1004; x_wconf 95' lang='lat' dir='ltr'>ut</span> <span class='ocrx_word' id='word_1_67' title='bbox 762 943 893 1005; x_wconf 81' lang='lat' dir='ltr'>imbelles</span> <span class='ocrx_word' id='word_1_68' title='bbox 908 943 1062 1024; x_wconf 78' lang='lat' dir='ltr'>timidique</span> <span class='ocrx_word' id='word_1_69' title='bbox 1076 947 1239 1024; x_wconf 86' lang='lat' dir='ltr'>videamur,</span> 
     </span>
    </p>

    <p class='ocr_par' dir='ltr' id='par_1_9' title="bbox 173 1027 1238 1108">
     <span class='ocr_line' id='line_1_9' title="bbox 173 1027 1238 1108; baseline 0.003 -17"><span class='ocrx_word' id='word_1_70' title='bbox 173 1032 224 1092; x_wconf 90' lang='lat' dir='ltr'>sed</span> <span class='ocrx_word' id='word_1_71' title='bbox 239 1030 408 1108; x_wconf 81' lang='lat' dir='ltr'>fugiendum</span> <span class='ocrx_word' id='word_1_72' title='bbox 423 1027 490 1090; x_wconf 92' lang='lat' dir='ltr'>illud</span> <span class='ocrx_word' id='word_1_73' title='bbox 504 1028 601 1100; x_wconf 89' lang='lat' dir='ltr'>etiam,</span> <span class='ocrx_word' id='word_1_74' title='bbox 617 1046 655 1089; x_wconf 94' lang='lat' dir='ltr'>ne</span> <span class='ocrx_word' id='word_1_75' title='bbox 670 1029 827 1089; x_wconf 82' lang='lat' dir='ltr'>offeramus</span> <span class='ocrx_word' id='word_1_76' title='bbox 839 1047 895 1088; x_wconf 87' lang='lat' dir='ltr'>nos</span> <span class='ocrx_word' id='word_1_77' title='bbox 907 1029 1044 1107; x_wconf 87' lang='lat' dir='ltr'>periculis</span> <span class='ocrx_word' id='word_1_78' title='bbox 1060 1031 1124 1094; x_wconf 88' lang='lat' dir='ltr'>sine</span> <span class='ocrx_word' id='word_1_79' title='bbox 1140 1052 1238 1108; x_wconf 89' lang='lat' dir='ltr'>causa,</span> 
     </span>
    </p>

    <p class='ocr_par' dir='ltr' id='par_1_10' title="bbox 173 1112 1237 1196">
     <span class='ocr_line' id='line_1_10' title="bbox 173 1112 1237 1196; baseline 0.004 -20"><span class='ocrx_word' id='word_1_80' title='bbox 173 1134 232 1196; x_wconf 91' lang='lat' dir='ltr'>quo</span> <span class='ocrx_word' id='word_1_81' title='bbox 248 1134 314 1174; x_wconf 88' lang='lat' dir='ltr'>esse</span> <span class='ocrx_word' id='word_1_82' title='bbox 328 1113 400 1174; x_wconf 85' lang='lat' dir='ltr'>nihil</span> <span class='ocrx_word' id='word_1_83' title='bbox 414 1120 513 1192; x_wconf 89' lang='lat' dir='ltr'>potest</span> <span class='ocrx_word' id='word_1_84' title='bbox 534 1112 659 1173; x_wconf 86' lang='lat' dir='ltr'>stultius.</span> <span class='ocrx_word' id='word_1_85' title='bbox 690 1114 878 1192; x_wconf 83' lang='lat' dir='ltr'>Quapropter</span> <span class='ocrx_word' id='word_1_86' title='bbox 892 1113 923 1173; x_wconf 89' lang='lat' dir='ltr'>iu</span> <span class='ocrx_word' id='word_1_87' title='bbox 938 1114 1079 1178; x_wconf 88' lang='lat' dir='ltr'>adeundis</span> <span class='ocrx_word' id='word_1_88' title='bbox 1094 1117 1237 1196; x_wconf 89' lang='lat' dir='ltr'>periculis</span> 
     </span>
    </p>

    <p class='ocr_par' dir='ltr' id='par_1_11' title="bbox 173 1196 1238 1278">
     <span class='ocr_line' id='line_1_11' title="bbox 173 1196 1238 1278; baseline 0.003 -16"><span class='ocrx_word' id='word_1_89' title='bbox 173 1200 355 1262; x_wconf 87' lang='lat' dir='ltr'>consuetudo</span> <span class='ocrx_word' id='word_1_90' title='bbox 371 1197 511 1272; x_wconf 86' lang='lat' dir='ltr'>imitanda</span> <span class='ocrx_word' id='word_1_91' title='bbox 529 1196 711 1272; x_wconf 90' lang='lat' dir='ltr'>medicorum</span> <span class='ocrx_word' id='word_1_92' title='bbox 732 1205 790 1270; x_wconf 85' lang='lat' dir='ltr'>est,</span> <span class='ocrx_word' id='word_1_93' title='bbox 812 1197 861 1277; x_wconf 93' lang='lat' dir='ltr'>qui</span> <span class='ocrx_word' id='word_1_94' title='bbox 875 1198 974 1260; x_wconf 89' lang='lat' dir='ltr'>leviter</span> <span class='ocrx_word' id='word_1_95' title='bbox 993 1209 1176 1278; x_wconf 83' lang='lat' dir='ltr'>aegrotantes</span> <span class='ocrx_word' id='word_1_96' title='bbox 1192 1204 1238 1264; x_wconf 93' lang='lat' dir='ltr'>le-</span> 
     </span>
    </p>

    <p class='ocr_par' dir='ltr' id='par_1_12' title="bbox 173 1281 1239 1362">
     <span class='ocr_line' id='line_1_12' title="bbox 173 1281 1239 1362; baseline 0.004 -16"><span class='ocrx_word' id='word_1_97' title='bbox 173 1285 250 1346; x_wconf 85' lang='lat' dir='ltr'>niter</span> <span class='ocrx_word' id='word_1_98' title='bbox 265 1291 375 1354; x_wconf 89' lang='lat' dir='ltr'>curant,</span> <span class='ocrx_word' id='word_1_99' title='bbox 391 1281 570 1360; x_wconf 90' lang='lat' dir='ltr'>gravioribus</span> <span class='ocrx_word' id='word_1_100' title='bbox 586 1289 683 1345; x_wconf 88' lang='lat' dir='ltr'>autem</span> <span class='ocrx_word' id='word_1_101' title='bbox 697 1281 812 1344; x_wconf 90' lang='lat' dir='ltr'>morbis</span> <span class='ocrx_word' id='word_1_102' title='bbox 826 1282 1006 1362; x_wconf 88' lang='lat' dir='ltr'>periculosas</span> <span class='ocrx_word' id='word_1_103' title='bbox 1024 1285 1191 1349; x_wconf 85' lang='lat' dir='ltr'>curationes</span> <span class='ocrx_word' id='word_1_104' title='bbox 1207 1297 1239 1351; x_wconf 90' lang='lat' dir='ltr'>et</span> 
     </span>
    </p>

    <p class='ocr_par' dir='ltr' id='par_1_13' title="bbox 173 1367 1237 1450">
     <span class='ocr_line' id='line_1_13' title="bbox 173 1367 1237 1450; baseline 0.004 -20"><span class='ocrx_word' id='word_1_105' title='bbox 173 1367 314 1447; x_wconf 85' lang='lat' dir='ltr'>ancipites</span> <span class='ocrx_word' id='word_1_106' title='bbox 329 1367 466 1428; x_wconf 89' lang='lat' dir='ltr'>adhihere</span> <span class='ocrx_word' id='word_1_107' title='bbox 488 1374 641 1444; x_wconf 85' lang='lat' dir='ltr'>coguntur.</span> <span class='ocrx_word' id='word_1_108' title='bbox 672 1368 736 1440; x_wconf 86' lang='lat' dir='ltr'>Qua</span> <span class='ocrx_word' id='word_1_109' title='bbox 754 1385 787 1428; x_wconf 91' lang='lat' dir='ltr'>re</span> <span class='ocrx_word' id='word_1_110' title='bbox 805 1367 836 1428; x_wconf 90' lang='lat' dir='ltr'>iu</span> <span class='ocrx_word' id='word_1_111' title='bbox 855 1369 1010 1449; x_wconf 88' lang='lat' dir='ltr'>tranquillo</span> <span class='ocrx_word' id='word_1_112' title='bbox 1030 1379 1237 1450; x_wconf 85' lang='lat' dir='ltr'>tempestatem</span> 
     </span>
    </p>

    <p class='ocr_par' dir='ltr' id='par_1_14' title="bbox 173 1451 1237 1536">
     <span class='ocr_line' id='line_1_14' title="bbox 173 1451 1237 1536; baseline 0.004 -22"><span class='ocrx_word' id='word_1_113' title='bbox 173 1454 324 1514; x_wconf 79' lang='lat' dir='ltr'>adversam</span> <span class='ocrx_word' id='word_1_114' title='bbox 339 1460 441 1530; x_wconf 91' lang='lat' dir='ltr'>optare</span> <span class='ocrx_word' id='word_1_115' title='bbox 453 1451 596 1512; x_wconf 86' lang='lat' dir='ltr'>dementis</span> <span class='ocrx_word' id='word_1_116' title='bbox 611 1459 666 1526; x_wconf 79' lang='lat' dir='ltr'>est,</span> <span class='ocrx_word' id='word_1_117' title='bbox 682 1452 836 1513; x_wconf 86' lang='lat' dir='ltr'>subvenire</span> <span class='ocrx_word' id='word_1_118' title='bbox 848 1460 944 1514; x_wconf 86' lang='lat' dir='ltr'>autem</span> <span class='ocrx_word' id='word_1_119' title='bbox 955 1456 1122 1534; x_wconf 83' lang='lat' dir='ltr'>tempestati</span> <span class='ocrx_word' id='word_1_120' title='bbox 1134 1459 1237 1536; x_wconf 82' lang='lat' dir='ltr'>quavis</span> 
     </span>
    </p>

    <p class='ocr_par' dir='ltr' id='par_1_15' title="bbox 173 1536 1237 1620">
     <span class='ocr_line' id='line_1_15' title="bbox 173 1536 1237 1620; baseline 0.004 -21"><span class='ocrx_word' id='word_1_121' title='bbox 173 1539 286 1599; x_wconf 88' lang='lat' dir='ltr'>ratione</span> <span class='ocrx_word' id='word_1_122' title='bbox 301 1536 439 1615; x_wconf 89' lang='lat' dir='ltr'>sapientis</span> <span class='ocrx_word' id='word_1_123' title='bbox 455 1554 548 1614; x_wconf 87' lang='lat' dir='ltr'>eoque</span> <span class='ocrx_word' id='word_1_124' title='bbox 559 1537 662 1614; x_wconf 69' lang='lat' dir='ltr'>magis</span> <span class='ocrx_word' id='word_1_125' title='bbox 678 1537 702 1597; x_wconf 93' lang='lat' dir='ltr'>si</span> <span class='ocrx_word' id='word_1_126' title='bbox 717 1537 783 1616; x_wconf 91' lang='lat' dir='ltr'>plus</span> <span class='ocrx_word' id='word_1_127' title='bbox 796 1537 958 1616; x_wconf 89' lang='lat' dir='ltr'>adipiscare</span> <span class='ocrx_word' id='word_1_128' title='bbox 969 1558 1000 1600; x_wconf 88' lang='lat' dir='ltr'>re</span> <span class='ocrx_word' id='word_1_129' title='bbox 1012 1540 1153 1620; x_wconf 88' lang='lat' dir='ltr'>explicata</span> <span class='ocrx_word' id='word_1_130' title='bbox 1164 1541 1237 1603; x_wconf 91' lang='lat' dir='ltr'>boni</span> 
     </span>
    </p>

    <p class='ocr_par' dir='ltr' id='par_1_16' title="bbox 174 1620 1236 1704">
     <span class='ocr_line' id='line_1_16' title="bbox 174 1620 1236 1704; baseline 0.004 -20"><span class='ocrx_word' id='word_1_131' title='bbox 174 1641 261 1702; x_wconf 89' lang='lat' dir='ltr'>quam</span> <span class='ocrx_word' id='word_1_132' title='bbox 277 1621 443 1682; x_wconf 91' lang='lat' dir='ltr'>addubitata</span> <span class='ocrx_word' id='word_1_133' title='bbox 458 1620 535 1682; x_wconf 87' lang='lat' dir='ltr'>mali.</span> <span class='ocrx_word' id='word_1_134' title='bbox 561 1621 744 1682; x_wconf 83' lang='lat' dir='ltr'>Periculosae</span> <span class='ocrx_word' id='word_1_135' title='bbox 759 1630 855 1682; x_wconf 90' lang='lat' dir='ltr'>autem</span> <span class='ocrx_word' id='word_1_136' title='bbox 871 1641 969 1684; x_wconf 90' lang='lat' dir='ltr'>rerum</span> <span class='ocrx_word' id='word_1_137' title='bbox 981 1625 1111 1688; x_wconf 90' lang='lat' dir='ltr'>actiones</span> <span class='ocrx_word' id='word_1_138' title='bbox 1126 1627 1236 1704; x_wconf 87' lang='lat' dir='ltr'>partim</span> 
     </span>
    </p>

    <p class='ocr_par' dir='ltr' id='par_1_17' title="bbox 174 1700 1235 1791">
     <span class='ocr_line' id='line_1_17' title="bbox 174 1700 1235 1791; baseline 0.004 -23"><span class='ocrx_word' id='word_1_139' title='bbox 174 1707 210 1768; x_wconf 91' lang='lat' dir='ltr'>iis</span> <span class='ocrx_word' id='word_1_140' title='bbox 226 1714 305 1778; x_wconf 90' lang='lat' dir='ltr'>sunt,</span> <span class='ocrx_word' id='word_1_141' title='bbox 321 1705 371 1785; x_wconf 89' lang='lat' dir='ltr'>qui</span> <span class='ocrx_word' id='word_1_142' title='bbox 387 1725 436 1768; x_wconf 90' lang='lat' dir='ltr'>eas</span> <span class='ocrx_word' id='word_1_143' title='bbox 452 1700 626 1785; x_wconf 86' lang='lat' dir='ltr'>suscipiunt,</span> <span class='ocrx_word' id='word_1_144' title='bbox 641 1705 747 1785; x_wconf 89' lang='lat' dir='ltr'>partim</span> <span class='ocrx_word' id='word_1_145' title='bbox 762 1706 804 1766; x_wconf 89' lang='lat' dir='ltr'>rei</span> <span class='ocrx_word' id='word_1_146' title='bbox 820 1707 960 1787; x_wconf 89' lang='lat' dir='ltr'>publicae.</span> <span class='ocrx_word' id='word_1_147' title='bbox 990 1709 1123 1791; x_wconf 90' lang='lat' dir='ltr'>Itemque</span> <span class='ocrx_word' id='word_1_148' title='bbox 1138 1711 1184 1772; x_wconf 92' lang='lat' dir='ltr'>alii</span> <span class='ocrx_word' id='word_1_149' title='bbox 1199 1713 1235 1772; x_wconf 92' lang='lat' dir='ltr'>de</span> 
     </span>
    </p>

    <p class='ocr_par' dir='ltr' id='par_1_18' title="bbox 174 1789 1233 1870">
     <span class='ocr_line' id='line_1_18' title="bbox 174 1789 1233 1870; baseline 0.006 -18"><span class='ocrx_word' id='word_1_150' title='bbox 174 1791 244 1865; x_wconf 86' lang='lat' dir='ltr'>vita,</span> <span class='ocrx_word' id='word_1_151' title='bbox 266 1789 312 1852; x_wconf 90' lang='lat' dir='ltr'>alii</span> <span class='ocrx_word' id='word_1_152' title='bbox 329 1790 364 1850; x_wconf 89' lang='lat' dir='ltr'>de</span> <span class='ocrx_word' id='word_1_153' title='bbox 379 1789 469 1870; x_wconf 90' lang='lat' dir='ltr'>gloria</span> <span class='ocrx_word' id='word_1_154' title='bbox 483 1798 512 1852; x_wconf 89' lang='lat' dir='ltr'>et</span> <span class='ocrx_word' id='word_1_155' title='bbox 526 1790 725 1853; x_wconf 88' lang='lat' dir='ltr'>benevolentia</span> <span class='ocrx_word' id='word_1_156' title='bbox 741 1791 845 1852; x_wconf 83' lang='lat' dir='ltr'>civium</span> <span class='ocrx_word' id='word_1_157' title='bbox 860 1791 891 1852; x_wconf 92' lang='lat' dir='ltr'>in</span> <span class='ocrx_word' id='word_1_158' title='bbox 906 1792 1065 1856; x_wconf 82' lang='lat' dir='ltr'>discrimen</span> <span class='ocrx_word' id='word_1_159' title='bbox 1081 1806 1233 1858; x_wconf 86' lang='lat' dir='ltr'>vocantur.</span> 
     </span>
    </p>

    <p class='ocr_par' dir='ltr' id='par_1_19' title="bbox 173 1875 1234 1961">
     <span class='ocr_line' id='line_1_19' title="bbox 173 1875 1234 1961; baseline 0.006 -24"><span class='ocrx_word' id='word_1_160' title='bbox 173 1875 379 1954; x_wconf 90' lang='lat' dir='ltr'>Promptiores</span> <span class='ocrx_word' id='word_1_161' title='bbox 404 1875 491 1954; x_wconf 88' lang='lat' dir='ltr'>igitur</span> <span class='ocrx_word' id='word_1_162' title='bbox 514 1875 655 1937; x_wconf 89' lang='lat' dir='ltr'>debemus</span> <span class='ocrx_word' id='word_1_163' title='bbox 674 1895 740 1936; x_wconf 86' lang='lat' dir='ltr'>esse</span> <span class='ocrx_word' id='word_1_164' title='bbox 760 1876 795 1936; x_wconf 90' lang='lat' dir='ltr'>ad</span> <span class='ocrx_word' id='word_1_165' title='bbox 815 1883 917 1938; x_wconf 88' lang='lat' dir='ltr'>nostra</span> <span class='ocrx_word' id='word_1_166' title='bbox 936 1879 1064 1957; x_wconf 90' lang='lat' dir='ltr'>pericula</span> <span class='ocrx_word' id='word_1_167' title='bbox 1088 1899 1175 1961; x_wconf 88' lang='lat' dir='ltr'>quam</span> <span class='ocrx_word' id='word_1_168' title='bbox 1197 1882 1234 1943; x_wconf 90' lang='lat' dir='ltr'>ad</span> 
     </span>
    </p>

    <p class='ocr_par' dir='ltr' id='par_1_20' title="bbox 174 1960 1235 2106">
     <span class='ocr_line' id='line_1_20' title="bbox 175 1960 1235 2046; baseline 0.006 -24"><span class='ocrx_word' id='word_1_169' title='bbox 175 1960 344 2023; x_wconf 92' lang='lat' dir='ltr'>communia</span> <span class='ocrx_word' id='word_1_170' title='bbox 368 1960 562 2040; x_wconf 88' lang='lat' dir='ltr'>dimicareque</span> <span class='ocrx_word' id='word_1_171' title='bbox 580 1961 709 2038; x_wconf 89' lang='lat' dir='ltr'>paratius</span> <span class='ocrx_word' id='word_1_172' title='bbox 729 1960 764 2020; x_wconf 90' lang='lat' dir='ltr'>de</span> <span class='ocrx_word' id='word_1_173' title='bbox 782 1961 896 2022; x_wconf 90' lang='lat' dir='ltr'>honore</span> <span class='ocrx_word' id='word_1_174' title='bbox 921 1970 951 2024; x_wconf 90' lang='lat' dir='ltr'>et</span> <span class='ocrx_word' id='word_1_175' title='bbox 971 1965 1062 2044; x_wconf 89' lang='lat' dir='ltr'>gloria</span> <span class='ocrx_word' id='word_1_176' title='bbox 1090 1961 1178 2046; x_wconf 67' lang='lat' dir='ltr'>duam</span> <span class='ocrx_word' id='word_1_177' title='bbox 1199 1967 1235 2028; x_wconf 90' lang='lat' dir='ltr'>de</span> 
     </span>
     <span class='ocr_line' id='line_1_21' title="bbox 174 2043 467 2106; baseline -0.01 0"><span class='ocrx_word' id='word_1_178' title='bbox 174 2045 276 2106; x_wconf 85' lang='lat' dir='ltr'>ceteris</span> <span class='ocrx_word' id='word_1_179' title='bbox 291 2043 467 2105; x_wconf 89' lang='lat' dir='ltr'>commodis.</span> 
     </span>
    </p>
   </div>
   <div class='ocr_carea' id='block_1_3' title="bbox 80 2229 1248 3985">
    <p class='ocr_par' dir='ltr' id='par_1_21' title="bbox 80 2229 1248 3985">
     <span class='ocr_line' id='line_1_22' title="bbox 171 2229 1236 2297; baseline 0.008 -17"><span class='ocrx_word' id='word_1_180' title='bbox 171 2229 304 2280; x_wconf 84' lang='lat' dir='ltr'>schiedene</span> <span class='ocrx_word' id='word_1_181' title='bbox 328 2245 376 2280; x_wconf 90' lang='lat' dir='ltr'>nur</span> <span class='ocrx_word' id='word_1_182' title='bbox 395 2230 449 2279; x_wconf 91' lang='lat' dir='ltr'>lose</span> <span class='ocrx_word' id='word_1_183' title='bbox 471 2230 676 2282; x_wconf 80' lang='lat' dir='ltr'>zusammenhiin·</span> <span class='ocrx_word' id='word_1_184' title='bbox 729 2231 814 2297; x_wconf 79' lang='lat' dir='ltr'>aliquo</span> <span class='ocrx_word' id='word_1_185' title='bbox 827 2247 863 2296; x_wconf 84' lang='lat' dir='ltr'>re,</span> <span class='ocrx_word' id='word_1_186' title='bbox 878 2240 999 2296; x_wconf 86' lang='lat' dir='ltr'>sagtmeu</span> <span class='ocrx_word' id='word_1_187' title='bbox 1009 2235 1089 2284; x_wconf 84' lang='lat' dir='ltr'>sowol</span> <span class='ocrx_word' id='word_1_188' title='bbox 1101 2237 1236 2288; x_wconf 74' lang='lat' dir='ltr'>oudoneire</span> 
     </span>
     <span class='ocr_line' id='line_1_23' title="bbox 171 2296 1233 2369; baseline 0.005 -22"><span class='ocrx_word' id='word_1_189' title='bbox 171 2298 251 2360; x_wconf 82' lang='lat' dir='ltr'>gendo</span> <span class='ocrx_word' id='word_1_190' title='bbox 267 2296 443 2348; x_wconf 83' lang='lat' dir='ltr'>Vorschrifteu</span> <span class='ocrx_word' id='word_1_191' title='bbox 461 2297 511 2347; x_wconf 94' lang='lat' dir='ltr'>uud</span> <span class='ocrx_word' id='word_1_192' title='bbox 522 2297 675 2348; x_wconf 87' lang='lat' dir='ltr'>Bemerkuu·</span> <span class='ocrx_word' id='word_1_193' title='bbox 730 2301 891 2368; x_wconf 51' lang='lat' dir='ltr'>tempestati,¹</span> <span class='ocrx_word' id='word_1_194' title='bbox 903 2305 1052 2354; x_wconf 72' lang='lat' dir='ltr'>necessitati</span> <span class='ocrx_word' id='word_1_195' title='bbox 1071 2302 1108 2369; x_wconf 83' lang='lat' dir='ltr'>(ll,</span> <span class='ocrx_word' id='word_1_196' title='bbox 1130 2303 1170 2368; x_wconf 83' lang='lat'>16,</span> <span class='ocrx_word' id='word_1_197' title='bbox 1191 2303 1233 2368; x_wconf 87' lang='grc'>56)</span> 
     </span>
     <span class='ocr_line' id='line_1_24' title="bbox 170 2359 1232 2437; baseline 0.008 -23"><span class='ocrx_word' id='word_1_198' title='bbox 170 2381 218 2429; x_wconf 86' lang='lat' dir='ltr'>gen</span> <span class='ocrx_word' id='word_1_199' title='bbox 248 2364 319 2415; x_wconf 85' lang='lat' dir='ltr'>dario</span> <span class='ocrx_word' id='word_1_200' title='bbox 343 2363 589 2429; x_wconf 74' lang='lat' dir='ltr'>zusammengehiiult</span> <span class='ocrx_word' id='word_1_201' title='bbox 613 2367 675 2416; x_wconf 90' lang='lat' dir='ltr'>sind.</span> <span class='ocrx_word' id='word_1_202' title='bbox 730 2367 809 2416; x_wconf 91' lang='lat' dir='ltr'>einem</span> <span class='ocrx_word' id='word_1_203' title='bbox 821 2365 861 2418; x_wconf 88' lang='lat' dir='ltr'>die</span> <span class='ocrx_word' id='word_1_204' title='bbox 871 2359 939 2418; x_wconf 78' lang='lat' dir='ltr'>Noto</span> <span class='ocrx_word' id='word_1_205' title='bbox 952 2371 1109 2437; x_wconf 83' lang='lat' dir='ltr'>erleiclrtern,</span> <span class='ocrx_word' id='word_1_206' title='bbox 1122 2369 1160 2422; x_wconf 90' lang='lat' dir='ltr'>als</span> <span class='ocrx_word' id='word_1_207' title='bbox 1171 2375 1232 2422; x_wconf 81' lang='lat' dir='ltr'>eud-</span> 
     </span>
     <span class='ocr_line' id='line_1_25' title="bbox 169 2431 1232 2501; baseline 0.005 -18"><span class='ocrx_word' id='word_1_208' title='bbox 169 2449 202 2483; x_wconf 75' lang='grc' dir='ltr'>ηε</span> <span class='ocrx_word' id='word_1_209' title='bbox 257 2431 281 2482; x_wconf 82' lang='lat' dir='ltr'>‘d</span> <span class='ocrx_word' id='word_1_210' title='bbox 295 2437 401 2484; x_wconf 81' lang='lat' dir='ltr'>temere:</span> <span class='ocrx_word' id='word_1_211' title='bbox 419 2433 483 2483; x_wconf 87' lang='lat' dir='ltr'>iiber</span> <span class='ocrx_word' id='word_1_212' title='bbox 494 2434 534 2483; x_wconf 90' lang='lat' dir='ltr'>die</span> <span class='ocrx_word' id='word_1_213' title='bbox 547 2434 644 2500; x_wconf 84' lang='lat' dir='ltr'>llllipse</span> <span class='ocrx_word' id='word_1_214' title='bbox 653 2451 674 2485; x_wconf 86' lang='lat' dir='ltr'>s.</span> <span class='ocrx_word' id='word_1_215' title='bbox 728 2437 813 2488; x_wconf 65' lang='lat' dir='ltr'>evenire</span> <span class='ocrx_word' id='word_1_216' title='bbox 824 2436 910 2501; x_wconf 79' lang='lat' dir='ltr'>soluti,</span> <span class='ocrx_word' id='word_1_217' title='bbox 921 2437 966 2487; x_wconf 87' lang='lat' dir='ltr'>das</span> <span class='ocrx_word' id='word_1_218' title='bbox 976 2437 1109 2489; x_wconf 88' lang='lat' dir='ltr'>Wohlsein</span> <span class='ocrx_word' id='word_1_219' title='bbox 1121 2439 1232 2489; x_wconf 76' lang='lat' dir='ltr'>ldrdern.</span> 
     </span>
     <span class='ocr_line' id='line_1_26' title="bbox 171 2497 1233 2572; baseline 0.011 -25"><span class='ocrx_word' id='word_1_220' title='bbox 171 2497 300 2563; x_wconf 78' lang='lat' dir='ltr'>z.11,20,</span> <span class='ocrx_word' id='word_1_221' title='bbox 314 2500 355 2548; x_wconf 88' lang='lat'>80.</span> <span class='ocrx_word' id='word_1_222' title='bbox 762 2519 792 2554; x_wconf 82' lang='lat' dir='ltr'>re</span> <span class='ocrx_word' id='word_1_223' title='bbox 803 2504 941 2572; x_wconf 68' lang='lat' dir='ltr'>explicata,</span> <span class='ocrx_word' id='word_1_224' title='bbox 958 2505 1050 2556; x_wconf 72' lang='lat' dir='ltr'>eliense</span> <span class='ocrx_word' id='word_1_225' title='bbox 1066 2511 1170 2572; x_wconf 79' lang='lat' dir='ltr'>negotio</span> <span class='ocrx_word' id='word_1_226' title='bbox 1185 2523 1233 2559; x_wconf 75' lang='lat' dir='ltr'>ore·</span> 
     </span>
     <span class='ocr_line' id='line_1_27' title="bbox 204 2566 1235 2637; baseline 0.008 -20"><span class='ocrx_word' id='word_1_227' title='bbox 204 2567 281 2618; x_wconf 80' lang='lat' dir='ltr'>reduc</span> <span class='ocrx_word' id='word_1_228' title='bbox 302 2568 421 2630; x_wconf 53' lang='lat' dir='ltr'>avellatis,</span> <span class='ocrx_word' id='word_1_229' title='bbox 443 2566 466 2614; x_wconf 90' lang='lat' dir='ltr'>d.</span> <span class='ocrx_word' id='word_1_230' title='bbox 479 2567 495 2614; x_wconf 89' lang='lat' dir='ltr'>i.</span> <span class='ocrx_word' id='word_1_231' title='bbox 513 2568 675 2632; x_wconf 87' lang='lat' dir='ltr'>turbulentis,</span> <span class='ocrx_word' id='word_1_232' title='bbox 726 2571 837 2637; x_wconf 77' lang='lat' dir='ltr'>plicare:</span> <span class='ocrx_word' id='word_1_233' title='bbox 859 2572 936 2635; x_wconf 91' lang='lat' dir='ltr'>prol.</span> <span class='ocrx_word' id='word_1_234' title='bbox 954 2572 1078 2636; x_wconf 78' lang='lat' dir='ltr'>Manli,</span> <span class='ocrx_word' id='word_1_235' title='bbox 1096 2574 1129 2624; x_wconf 82' lang='lat'>29</span> <span class='ocrx_word' id='word_1_236' title='bbox 1146 2573 1235 2625; x_wconf 75' lang='lat' dir='ltr'>Sicilia</span> 
     </span>
     <span class='ocr_line' id='line_1_28' title="bbox 171 2631 1233 2710; baseline 0.008 -26"><span class='ocrx_word' id='word_1_237' title='bbox 171 2633 259 2684; x_wconf 86' lang='lat' dir='ltr'>sodass</span> <span class='ocrx_word' id='word_1_238' title='bbox 276 2633 331 2683; x_wconf 89' lang='lat' dir='ltr'>also</span> <span class='ocrx_word' id='word_1_239' title='bbox 347 2633 387 2684; x_wconf 87' lang='lat' dir='ltr'>die</span> <span class='ocrx_word' id='word_1_240' title='bbox 402 2631 674 2683; x_wconf 80' lang='lat' dir='ltr'>vorlrerbezeiclrneten</span> <span class='ocrx_word' id='word_1_241' title='bbox 729 2651 804 2701; x_wconf 77' lang='lat' dir='ltr'>quam</span> <span class='ocrx_word' id='word_1_242' title='bbox 818 2637 906 2686; x_wconf 79' lang='lat' dir='ltr'>moltis</span> <span class='ocrx_word' id='word_1_243' title='bbox 923 2638 1033 2702; x_wconf 75' lang='lat' dir='ltr'>undique</span> <span class='ocrx_word' id='word_1_244' title='bbox 1044 2644 1152 2692; x_wconf 67' lang='lat' dir='ltr'>cenetam</span> <span class='ocrx_word' id='word_1_245' title='bbox 1161 2645 1233 2710; x_wconf 85' lang='lat' dir='ltr'>peri-</span> 
     </span>
     <span class='ocr_line' id='line_1_29' title="bbox 171 2699 1232 2768; baseline 0.007 -16"><span class='ocrx_word' id='word_1_246' title='bbox 171 2701 298 2752; x_wconf 81' lang='lat' dir='ltr'>Zust&#39;dndc</span> <span class='ocrx_word' id='word_1_247' title='bbox 311 2701 356 2750; x_wconf 84' lang='lat' dir='ltr'>mit</span> <span class='ocrx_word' id='word_1_248' title='bbox 368 2699 529 2762; x_wconf 84' lang='lat' dir='ltr'>einbegriffen</span> <span class='ocrx_word' id='word_1_249' title='bbox 542 2700 609 2763; x_wconf 88' lang='lat' dir='ltr'>siud,</span> <span class='ocrx_word' id='word_1_250' title='bbox 628 2715 673 2766; x_wconf 90' lang='lat' dir='ltr'>pro</span> <span class='ocrx_word' id='word_1_251' title='bbox 728 2701 790 2750; x_wconf 71' lang='lat' dir='ltr'>culis</span> <span class='ocrx_word' id='word_1_252' title='bbox 802 2729 832 2736; x_wconf 99' lang='lat'>-</span> <span class='ocrx_word' id='word_1_253' title='bbox 848 2702 1004 2768; x_wconf 57' lang='lat' dir='ltr'>explicavit(</span> <span class='ocrx_word' id='word_1_254' title='bbox 1015 2705 1170 2758; x_wconf 77' lang='lat' dir='ltr'>addubitare</span> <span class='ocrx_word' id='word_1_255' title='bbox 1187 2711 1232 2759; x_wconf 89' lang='lat' dir='ltr'>be·</span> 
     </span>
     <span class='ocr_line' id='line_1_30' title="bbox 166 2767 1234 2834; baseline 0.007 -16"><span class='ocrx_word' id='word_1_256' title='bbox 166 2768 254 2834; x_wconf 66' lang='lat' dir='ltr'>„Quint</span> <span class='ocrx_word' id='word_1_257' title='bbox 267 2767 290 2829; x_wconf 84' lang='lat'>2,</span> <span class='ocrx_word' id='word_1_258' title='bbox 305 2767 546 2822; x_wconf 59' lang='lat' dir='ltr'>remuneratore</span> <span class='ocrx_word' id='word_1_259' title='bbox 554 2771 675 2820; x_wconf 72' lang='lat' dir='ltr'>iactatam</span> <span class='ocrx_word' id='word_1_260' title='bbox 728 2769 815 2818; x_wconf 85' lang='lat' dir='ltr'>deutet</span> <span class='ocrx_word' id='word_1_261' title='bbox 823 2767 956 2830; x_wconf 86' lang='lat' dir='ltr'>cigentlieh</span> <span class='ocrx_word' id='word_1_262' title='bbox 966 2769 1021 2831; x_wconf 77' lang='lat' dir='ltr'>„ein</span> <span class='ocrx_word' id='word_1_263' title='bbox 1031 2771 1234 2832; x_wconf 85' lang='lat' dir='ltr'>weniginZwei·</span> 
     </span>
     <span class='ocr_line' id='line_1_31' title="bbox 169 2832 1232 2902; baseline 0.002 -15"><span class='ocrx_word' id='word_1_264' title='bbox 169 2841 246 2902; x_wconf 82' lang='lat' dir='ltr'>atque</span> <span class='ocrx_word' id='word_1_265' title='bbox 255 2839 550 2900; x_wconf 71' lang='lat' dir='ltr'>agantamaeqettaton.</span> <span class='ocrx_word' id='word_1_266' title='bbox 571 2835 597 2885; x_wconf 92' lang='lat' dir='ltr'>lu</span> <span class='ocrx_word' id='word_1_267' title='bbox 607 2837 675 2885; x_wconf 90' lang='lat' dir='ltr'>dem·</span> <span class='ocrx_word' id='word_1_268' title='bbox 727 2833 762 2884; x_wconf 83' lang='lat' dir='ltr'>fel</span> <span class='ocrx_word' id='word_1_269' title='bbox 774 2832 880 2882; x_wconf 85' lang='lat' dir='ltr'>zichen“</span> <span class='ocrx_word' id='word_1_270' title='bbox 891 2835 921 2896; x_wconf 83' lang='lat' dir='ltr'>(s.</span> <span class='ocrx_word' id='word_1_271' title='bbox 931 2849 955 2882; x_wconf 83' lang='lat' dir='ltr'>z.</span> <span class='ocrx_word' id='word_1_272' title='bbox 966 2833 1005 2896; x_wconf 91' lang='lat' dir='ltr'>lll,</span> <span class='ocrx_word' id='word_1_273' title='bbox 1017 2834 1041 2897; x_wconf 88' lang='grc'>4,</span> <span class='ocrx_word' id='word_1_274' title='bbox 1054 2835 1102 2898; x_wconf 84' lang='grc'><strong>18),</strong></span> <span class='ocrx_word' id='word_1_275' title='bbox 1116 2839 1170 2886; x_wconf 88' lang='lat' dir='ltr'>lrier</span> <span class='ocrx_word' id='word_1_276' title='bbox 1181 2842 1232 2888; x_wconf 79' lang='lat' dir='ltr'>all-</span> 
     </span>
     <span class='ocr_line' id='line_1_32' title="bbox 170 2899 1230 2969; baseline 0 -15"><span class='ocrx_word' id='word_1_277' title='bbox 170 2903 257 2954; x_wconf 89' lang='lat' dir='ltr'>selben</span> <span class='ocrx_word' id='word_1_278' title='bbox 270 2904 414 2954; x_wconf 79' lang='lat' dir='ltr'>sincerem</span> <span class='ocrx_word' id='word_1_279' title='bbox 447 2903 557 2952; x_wconf 80' lang='lat' dir='ltr'>colicam</span> <span class='ocrx_word' id='word_1_280' title='bbox 572 2906 674 2967; x_wconf 65' lang='lat' dir='ltr'>agitare</span> <span class='ocrx_word' id='word_1_281' title='bbox 725 2899 853 2964; x_wconf 83' lang='lat' dir='ltr'>gemeincr</span> <span class='ocrx_word' id='word_1_282' title='bbox 869 2921 904 2941; x_wconf 91' lang='lat'><strong><em>=</em></strong></span> <span class='ocrx_word' id='word_1_283' title='bbox 920 2901 948 2949; x_wconf 81' lang='lat' dir='ltr'>io</span> <span class='ocrx_word' id='word_1_284' title='bbox 973 2899 1110 2952; x_wconf 70' lang='lat' dir='ltr'>disertmort</span> <span class='ocrx_word' id='word_1_285' title='bbox 1131 2918 1230 2969; x_wconf 83' lang='lat' dir='ltr'>vocare,</span> 
     </span>
     <span class='ocr_line' id='line_1_33' title="bbox 170 2919 1231 3035; baseline 0.001 -14"><span class='ocrx_word' id='word_1_286' title='bbox 170 2971 233 3024; x_wconf 82' lang='lat' dir='ltr'>Sall.</span> <span class='ocrx_word' id='word_1_287' title='bbox 250 2969 303 3021; x_wconf 86' lang='lat' dir='ltr'>Cat.</span> <span class='ocrx_word' id='word_1_288' title='bbox 317 2969 357 3035; x_wconf 82' lang='lat'>38,</span> <span class='ocrx_word' id='word_1_289' title='bbox 371 2969 394 3019; x_wconf 85' lang='lat'>3.</span> <span class='ocrx_word' id='word_1_290' title='bbox 423 2919 475 3032; x_wconf 70' lang='lat' dir='ltr'>dig.</span> <span class='ocrx_word' id='word_1_291' title='bbox 499 2967 545 3032; x_wconf 79' lang='lat'>37,</span> <span class='ocrx_word' id='word_1_292' title='bbox 568 2969 580 3016; x_wconf 94' lang='lat'>1</span> <span class='ocrx_word' id='word_1_293' title='bbox 605 2971 671 3018; x_wconf 73' lang='lat' dir='ltr'>cetzo</span> <span class='ocrx_word' id='word_1_294' title='bbox 725 2969 751 3018; x_wconf 90' lang='lat' dir='ltr'>in</span> <span class='ocrx_word' id='word_1_295' title='bbox 769 2965 863 3016; x_wconf 81' lang='lat' dir='ltr'>Gefalrr</span> <span class='ocrx_word' id='word_1_296' title='bbox 879 2975 1021 3019; x_wconf 86' lang='lat' dir='ltr'>versetzen.</span> <span class='ocrx_word' id='word_1_297' title='bbox 1049 2969 1231 3022; x_wconf 78' lang='lat' dir='ltr'>llerSinndcr</span> 
     </span>
     <span class='ocr_line' id='line_1_34' title="bbox 168 3033 1231 3108; baseline -0.001 -18"><span class='ocrx_word' id='word_1_298' title='bbox 168 3037 253 3108; x_wconf 69' lang='lat' dir='ltr'>purello</span> <span class='ocrx_word' id='word_1_299' title='bbox 265 3041 397 3103; x_wconf 69' lang='lat' dir='ltr'>agitatior.</span> <span class='ocrx_word' id='word_1_300' title='bbox 420 3035 504 3100; x_wconf 79' lang='lat' dir='ltr'>Quint.</span> <span class='ocrx_word' id='word_1_301' title='bbox 520 3035 559 3098; x_wconf 90' lang='lat'>11,</span> <span class='ocrx_word' id='word_1_302' title='bbox 570 3033 593 3084; x_wconf 78' lang='grc'>3.</span> <span class='ocrx_word' id='word_1_303' title='bbox 618 3035 672 3084; x_wconf 82' lang='grc' dir='ltr'>Αιι-</span> <span class='ocrx_word' id='word_1_304' title='bbox 726 3035 806 3106; x_wconf 78' lang='lat' dir='ltr'>Stella</span> <span class='ocrx_word' id='word_1_305' title='bbox 818 3035 863 3085; x_wconf 89' lang='lat' dir='ltr'>ist:</span> <span class='ocrx_word' id='word_1_306' title='bbox 876 3036 1015 3088; x_wconf 86' lang='lat' dir='ltr'>besonders</span> <span class='ocrx_word' id='word_1_307' title='bbox 1027 3053 1099 3088; x_wconf 89' lang='lat' dir='ltr'>weun</span> <span class='ocrx_word' id='word_1_308' title='bbox 1112 3040 1151 3090; x_wconf 91' lang='lat' dir='ltr'>die</span> <span class='ocrx_word' id='word_1_309' title='bbox 1162 3039 1231 3091; x_wconf 86' lang='lat' dir='ltr'>Vor-</span> 
     </span>
     <span class='ocr_line' id='line_1_35' title="bbox 169 3102 1231 3168; baseline 0.002 -12"><span class='ocrx_word' id='word_1_310' title='bbox 169 3108 230 3156; x_wconf 88' lang='lat' dir='ltr'>dere</span> <span class='ocrx_word' id='word_1_311' title='bbox 248 3106 365 3156; x_wconf 74' lang='lat' dir='ltr'>erlltren</span> <span class='ocrx_word' id='word_1_312' title='bbox 382 3107 459 3156; x_wconf 73' lang='lat' dir='ltr'>rebam</span> <span class='ocrx_word' id='word_1_313' title='bbox 474 3104 582 3168; x_wconf 59' lang='lat' dir='ltr'>getam</span> <span class='ocrx_word' id='word_1_314' title='bbox 596 3102 672 3152; x_wconf 87' lang='lat' dir='ltr'>durch</span> <span class='ocrx_word' id='word_1_315' title='bbox 725 3103 802 3153; x_wconf 84' lang='lat' dir='ltr'>tlreile</span> <span class='ocrx_word' id='word_1_316' title='bbox 824 3103 864 3152; x_wconf 86' lang='lat' dir='ltr'>bei</span> <span class='ocrx_word' id='word_1_317' title='bbox 884 3105 965 3154; x_wconf 88' lang='lat' dir='ltr'>einem</span> <span class='ocrx_word' id='word_1_318' title='bbox 987 3105 1142 3168; x_wconf 84' lang='lat' dir='ltr'>gliiclliclren</span> <span class='ocrx_word' id='word_1_319' title='bbox 1163 3108 1231 3158; x_wconf 85' lang='lat' dir='ltr'>Aus-</span> 
     </span>
     <span class='ocr_line' id='line_1_36' title="bbox 169 3171 1230 3240; baseline 0.002 -16"><span class='ocrx_word' id='word_1_320' title='bbox 169 3173 542 3240; x_wconf 72' lang='lat' dir='ltr'>reduseognitdretperpercris;</span> <span class='ocrx_word' id='word_1_321' title='bbox 552 3171 673 3236; x_wconf 79' lang='lat' dir='ltr'>aberaga‘-</span> <span class='ocrx_word' id='word_1_322' title='bbox 726 3185 806 3235; x_wconf 80' lang='lat' dir='ltr'>gange</span> <span class='ocrx_word' id='word_1_323' title='bbox 823 3174 928 3234; x_wconf 80' lang='lat' dir='ltr'>grd&#39;sser</span> <span class='ocrx_word' id='word_1_324' title='bbox 940 3173 1007 3237; x_wconf 90' lang='lat' dir='ltr'>sind,</span> <span class='ocrx_word' id='word_1_325' title='bbox 1025 3174 1063 3224; x_wconf 87' lang='lat' dir='ltr'>als</span> <span class='ocrx_word' id='word_1_326' title='bbox 1075 3175 1114 3225; x_wconf 92' lang='lat' dir='ltr'>die</span> <span class='ocrx_word' id='word_1_327' title='bbox 1128 3174 1230 3226; x_wconf 84' lang='lat' dir='ltr'>Miihse-</span> 
     </span>
     <span class='ocr_line' id='line_1_37' title="bbox 170 3238 1231 3306; baseline 0.004 -14"><span class='ocrx_word' id='word_1_328' title='bbox 170 3246 226 3292; x_wconf 79' lang='lat' dir='ltr'>tore</span> <span class='ocrx_word' id='word_1_329' title='bbox 237 3238 673 3302; x_wconf 83' lang='lat' dir='ltr'>bedentetnurwiederholthehan-</span> <span class='ocrx_word' id='word_1_330' title='bbox 726 3239 826 3303; x_wconf 87' lang='lat' dir='ltr'>ligleit‚</span> <span class='ocrx_word' id='word_1_331' title='bbox 844 3239 883 3289; x_wconf 91' lang='lat' dir='ltr'>die</span> <span class='ocrx_word' id='word_1_332' title='bbox 899 3255 966 3306; x_wconf 79' lang='lat' dir='ltr'>mar,</span> <span class='ocrx_word' id='word_1_333' title='bbox 983 3257 1024 3291; x_wconf 90' lang='lat' dir='ltr'>um</span> <span class='ocrx_word' id='word_1_334' title='bbox 1040 3258 1097 3292; x_wconf 83' lang='lat' dir='ltr'>zum</span> <span class='ocrx_word' id='word_1_335' title='bbox 1109 3243 1181 3294; x_wconf 88' lang='lat' dir='ltr'>Ziele</span> <span class='ocrx_word' id='word_1_336' title='bbox 1198 3261 1231 3297; x_wconf 85' lang='lat' dir='ltr'>zu</span> 
     </span>
     <span class='ocr_line' id='line_1_38' title="bbox 169 3305 1095 3372; baseline 0 -14"><span class='ocrx_word' id='word_1_337' title='bbox 169 3309 235 3358; x_wconf 88' lang='lat' dir='ltr'>dein.</span> <span class='ocrx_word' id='word_1_338' title='bbox 259 3307 309 3356; x_wconf 85' lang='lat' dir='ltr'>Cic.</span> <span class='ocrx_word' id='word_1_339' title='bbox 322 3307 409 3357; x_wconf 85' lang='lat' dir='ltr'>wiirde</span> <span class='ocrx_word' id='word_1_340' title='bbox 422 3307 476 3356; x_wconf 89' lang='lat' dir='ltr'>also</span> <span class='ocrx_word' id='word_1_341' title='bbox 489 3305 551 3370; x_wconf 85' lang='lat' dir='ltr'>hier,</span> <span class='ocrx_word' id='word_1_342' title='bbox 563 3321 603 3356; x_wconf 87' lang='lat' dir='ltr'>wo</span> <span class='ocrx_word' id='word_1_343' title='bbox 617 3307 673 3356; x_wconf 89' lang='lat' dir='ltr'>eine</span> <span class='ocrx_word' id='word_1_344' title='bbox 727 3308 856 3372; x_wconf 84' lang='lat' dir='ltr'>gelangen‚</span> <span class='ocrx_word' id='word_1_345' title='bbox 869 3324 901 3357; x_wconf 86' lang='lat' dir='ltr'>zu</span> <span class='ocrx_word' id='word_1_346' title='bbox 912 3307 1032 3358; x_wconf 82' lang='lat' dir='ltr'>hestelren</span> <span class='ocrx_word' id='word_1_347' title='bbox 1044 3311 1095 3360; x_wconf 78' lang='lat' dir='ltr'>liat.</span> 
     </span>
     <span class='ocr_line' id='line_1_39' title="bbox 169 3372 1231 3444; baseline 0.004 -18"><span class='ocrx_word' id='word_1_348' title='bbox 169 3372 373 3427; x_wconf 85' lang='lat' dir='ltr'>Undoutlichkeit</span> <span class='ocrx_word' id='word_1_349' title='bbox 389 3375 518 3437; x_wconf 59' lang='lat' dir='ltr'>cruland,</span> <span class='ocrx_word' id='word_1_350' title='bbox 536 3374 608 3424; x_wconf 86' lang='lat' dir='ltr'>einen</span> <span class='ocrx_word' id='word_1_351' title='bbox 620 3374 674 3425; x_wconf 90' lang='lat' dir='ltr'>Zu-</span> <span class='ocrx_word' id='word_1_352' title='bbox 761 3374 883 3428; x_wconf 75' lang='lat' dir='ltr'>dimicare</span> <span class='ocrx_word' id='word_1_353' title='bbox 888 3379 1009 3444; x_wconf 69' lang='lat' dir='ltr'>paredus</span> <span class='ocrx_word' id='word_1_354' title='bbox 1017 3377 1056 3439; x_wconf 86' lang='lat' dir='ltr'>de,</span> <span class='ocrx_word' id='word_1_355' title='bbox 1070 3381 1140 3428; x_wconf 86' lang='lat' dir='ltr'>mehr</span> <span class='ocrx_word' id='word_1_356' title='bbox 1149 3380 1231 3430; x_wconf 84' lang='lat' dir='ltr'>bereit</span> 
     </span>
     <span class='ocr_line' id='line_1_40' title="bbox 170 3442 1228 3512; baseline 0.003 -19"><span class='ocrx_word' id='word_1_357' title='bbox 170 3442 674 3505; x_wconf 81' lang='lat' dir='ltr'>satzwiementeuiclrtausgelassenlm-</span> <span class='ocrx_word' id='word_1_358' title='bbox 727 3459 774 3492; x_wconf 89' lang='lat' dir='ltr'>uns</span> <span class='ocrx_word' id='word_1_359' title='bbox 803 3443 828 3494; x_wconf 90' lang='lat' dir='ltr'>iu</span> <span class='ocrx_word' id='word_1_360' title='bbox 859 3445 932 3494; x_wconf 89' lang='lat' dir='ltr'>einen</span> <span class='ocrx_word' id='word_1_361' title='bbox 955 3443 1048 3512; x_wconf 80' lang='lat' dir='ltr'>Rumpf</span> <span class='ocrx_word' id='word_1_362' title='bbox 1069 3447 1228 3498; x_wconf 84' lang='lat' dir='ltr'>einzulassen</span> 
     </span>
     <span class='ocr_line' id='line_1_41' title="bbox 168 3509 1229 3566; baseline 0.014 -14"><span class='ocrx_word' id='word_1_363' title='bbox 168 3509 225 3560; x_wconf 78' lang='lat' dir='ltr'>hen,</span> <span class='ocrx_word' id='word_1_364' title='bbox 384 3552 388 3558; x_wconf 82' lang='grc'><strong><em>,</em></strong></span> <span class='ocrx_word' id='word_1_365' title='bbox 728 3510 798 3560; x_wconf 87' lang='lat' dir='ltr'>iiber.</span> <span class='ocrx_word' id='word_1_366' title='bbox 824 3511 963 3562; x_wconf 89' lang='lat' dir='ltr'>Uuterden</span> <span class='ocrx_word' id='word_1_367' title='bbox 981 3517 1072 3565; x_wconf 77' lang='lat' dir='ltr'>cetem&#39;o</span> <span class='ocrx_word' id='word_1_368' title='bbox 1090 3515 1229 3566; x_wconf 79' lang='lat' dir='ltr'>commodis</span> 
     </span>
     <span class='ocr_line' id='line_1_42' title="bbox 203 3572 1228 3648; baseline 0.006 -21"><span class='ocrx_word' id='word_1_369' title='bbox 203 3577 285 3628; x_wconf 76' lang='lat' dir='ltr'>cedda</span> <span class='ocrx_word' id='word_1_370' title='bbox 308 3572 423 3643; x_wconf 68' lang='lat' dir='ltr'>consido,</span> <span class='ocrx_word' id='word_1_371' title='bbox 450 3577 542 3628; x_wconf 86' lang='lat' dir='ltr'>ebenso</span> <span class='ocrx_word' id='word_1_372' title='bbox 567 3573 675 3648; x_wconf 74' lang='grc' dir='ltr'><strong><em>θερμός</em></strong></span> <span class='ocrx_word' id='word_1_373' title='bbox 728 3577 941 3630; x_wconf 82' lang='lat' dir='ltr'>sindReichtlrum</span> <span class='ocrx_word' id='word_1_374' title='bbox 957 3583 1228 3633; x_wconf 86' lang='lat' dir='ltr'>undandoreiiussere</span> 
     </span>
     <span class='ocr_line' id='line_1_43' title="bbox 170 3635 1229 3716; baseline 0.005 -20"><span class='ocrx_word' id='word_1_375' title='bbox 170 3644 297 3712; x_wconf 74' lang='lat' dir='ltr'>Aristoph.</span> <span class='ocrx_word' id='word_1_376' title='bbox 306 3645 369 3696; x_wconf 87' lang='lat' dir='ltr'>Plut.</span> <span class='ocrx_word' id='word_1_377' title='bbox 380 3647 429 3695; x_wconf 83' lang='lat'>415</span> <span class='ocrx_word' id='word_1_378' title='bbox 441 3635 581 3715; x_wconf 72' lang='grc' dir='ltr'><strong><em>ὦθερμὸν</em></strong></span> <span class='ocrx_word' id='word_1_379' title='bbox 592 3643 674 3716; x_wconf 76' lang='grc' dir='ltr'><em>ἔργον</em></span> <span class='ocrx_word' id='word_1_380' title='bbox 729 3645 810 3696; x_wconf 86' lang='lat' dir='ltr'>Giiter</span> <span class='ocrx_word' id='word_1_381' title='bbox 822 3664 854 3696; x_wconf 86' lang='lat' dir='ltr'>zu</span> <span class='ocrx_word' id='word_1_382' title='bbox 866 3649 1017 3713; x_wconf 74' lang='lat' dir='ltr'>vernales,</span> <span class='ocrx_word' id='word_1_383' title='bbox 1031 3651 1075 3700; x_wconf 88' lang='lat' dir='ltr'>das</span> <span class='ocrx_word' id='word_1_384' title='bbox 1088 3651 1173 3700; x_wconf 81' lang='lat' dir='ltr'>Leleu</span> <span class='ocrx_word' id='word_1_385' title='bbox 1184 3651 1229 3700; x_wconf 89' lang='lat' dir='ltr'>mit</span> 
     </span>
     <span class='ocr_line' id='line_1_44' title="bbox 170 3707 1228 3782; baseline 0.005 -18"><span class='ocrx_word' id='word_1_386' title='bbox 170 3707 305 3766; x_wconf 78' lang='grc' dir='ltr'>κάνόσιον</span> <span class='ocrx_word' id='word_1_387' title='bbox 316 3714 362 3764; x_wconf 81' lang='grc' dir='ltr'>καὶ</span> <span class='ocrx_word' id='word_1_388' title='bbox 375 3708 552 3782; x_wconf 72' lang='grc' dir='ltr'><em>παράνομον.</em></span> <span class='ocrx_word' id='word_1_389' title='bbox 728 3715 914 3777; x_wconf 80' lang='lat' dir='ltr'>cingereolmet&#39;.</span> <span class='ocrx_word' id='word_1_390' title='bbox 936 3715 1019 3767; x_wconf 86' lang='lat' dir='ltr'>Durolr</span> <span class='ocrx_word' id='word_1_391' title='bbox 1032 3718 1130 3768; x_wconf 77' lang='lat' dir='ltr'>Inventi</span> <span class='ocrx_word' id='word_1_392' title='bbox 1141 3721 1228 3769; x_wconf 83' lang='lat' dir='ltr'>autem</span> 
     </span>
     <span class='ocr_line' id='line_1_45' title="bbox 80 3779 1227 3848; baseline 0.003 -16"><span class='ocrx_word' id='word_1_393' title='bbox 80 3789 81 3792; x_wconf 78' lang='grc'>’</span> <span class='ocrx_word' id='word_1_394' title='bbox 220 3779 673 3848; x_wconf 65' lang='lat' dir='ltr'>nicosetcoga&#39;tatie,rulrigiibcrlegt‚</span> <span class='ocrx_word' id='word_1_395' title='bbox 728 3781 810 3832; x_wconf 69' lang='lat' dir='ltr'>erhilt</span> <span class='ocrx_word' id='word_1_396' title='bbox 827 3783 911 3832; x_wconf 86' lang='lat' dir='ltr'>dieser</span> <span class='ocrx_word' id='word_1_397' title='bbox 931 3784 1005 3848; x_wconf 79' lang='lat' dir='ltr'>Satn,</span> <span class='ocrx_word' id='word_1_398' title='bbox 1028 3787 1080 3835; x_wconf 79' lang='lat' dir='ltr'>der·</span> <span class='ocrx_word' id='word_1_399' title='bbox 1097 3787 1159 3836; x_wconf 87' lang='lat' dir='ltr'>doch</span> <span class='ocrx_word' id='word_1_400' title='bbox 1180 3787 1227 3836; x_wconf 87' lang='lat' dir='ltr'>den</span> 
     </span>
     <span class='ocr_line' id='line_1_46' title="bbox 204 3799 1228 3917; baseline 0.003 -18"><span class='ocrx_word' id='word_1_401' title='bbox 204 3799 245 3900; x_wconf 67' lang='lat' dir='ltr'>d3.</span> <span class='ocrx_word' id='word_1_402' title='bbox 264 3853 397 3902; x_wconf 72' lang='lat' dir='ltr'>retemire</span> <span class='ocrx_word' id='word_1_403' title='bbox 410 3853 560 3917; x_wconf 67' lang='lat' dir='ltr'>tenpestate.</span> <span class='ocrx_word' id='word_1_404' title='bbox 582 3847 673 3898; x_wconf 84' lang='lat' dir='ltr'>Dades</span> <span class='ocrx_word' id='word_1_405' title='bbox 727 3847 805 3899; x_wconf 85' lang='lat' dir='ltr'>Rulm</span> <span class='ocrx_word' id='word_1_406' title='bbox 821 3849 862 3900; x_wconf 80' lang='lat' dir='ltr'>fiir</span> <span class='ocrx_word' id='word_1_407' title='bbox 879 3853 923 3902; x_wconf 89' lang='lat' dir='ltr'>das</span> <span class='ocrx_word' id='word_1_408' title='bbox 941 3852 1045 3903; x_wconf 79' lang='lat' dir='ltr'>hdchste</span> <span class='ocrx_word' id='word_1_409' title='bbox 1066 3853 1131 3902; x_wconf 85' lang='lat' dir='ltr'>aller</span> <span class='ocrx_word' id='word_1_410' title='bbox 1148 3853 1228 3904; x_wconf 85' lang='lat' dir='ltr'>Giiter</span> 
     </span>
     <span class='ocr_line' id='line_1_47' title="bbox 170 3911 1248 3985; baseline -0.002 -14"><span class='ocrx_word' id='word_1_411' title='bbox 170 3917 365 3985; x_wconf 85' lang='lat' dir='ltr'>Urspriingliche</span> <span class='ocrx_word' id='word_1_412' title='bbox 378 3919 413 3969; x_wconf 89' lang='lat' dir='ltr'>ist</span> <span class='ocrx_word' id='word_1_413' title='bbox 421 3919 554 3969; x_wconf 79' lang='lat' dir='ltr'>subvenire</span> <span class='ocrx_word' id='word_1_414' title='bbox 563 3916 639 3967; x_wconf 63' lang='lat' dir='ltr'>wetti</span> <span class='ocrx_word' id='word_1_415' title='bbox 647 3918 673 3966; x_wconf 82' lang='lat' dir='ltr'>t&#39;c</span> <span class='ocrx_word' id='word_1_416' title='bbox 728 3916 833 3982; x_wconf 80' lang='lat' dir='ltr'>erkl‘art,</span> <span class='ocrx_word' id='word_1_417' title='bbox 846 3919 901 3970; x_wconf 85' lang='lat' dir='ltr'>eine</span> <span class='ocrx_word' id='word_1_418' title='bbox 914 3919 1129 3984; x_wconf 74' lang='lat' dir='ltr'>Einscnrtnlung.</span> <span class='ocrx_word' id='word_1_419' title='bbox 1240 3911 1248 3932; x_wconf 75' lang='lat'>⁸</span> 
     </span>
    </p>
   </div>
   <div class='ocr_carea' id='block_1_4' title="bbox 0 0 1372 4470">
    <p class='ocr_par' dir='ltr' id='par_1_22' title="bbox 0 0 1372 4470">
     <span class='ocr_line' id='line_1_48' title="bbox 0 0 1372 4470; baseline 0 0"><span class='ocrx_word' id='word_1_420' title='bbox 0 0 1372 4470; x_wconf 95' lang='lat' dir='ltr'> </span> 
     </span>
    </p>
   </div>
  </div>
 </body>
</html>
