2734 4478
86 253 89 260 ·
150 225 190 285 72
472 261 474 268 .
581 221 626 272 DE
645 223 788 276 urricus.

149 377 206 438 dus
217 375 354 438 cernitur.
381 375 445 436 lloc
455 375 521 436 loco
535 378 701 438 continetur
715 377 753 450 id,
767 377 846 456 quod
858 376 915 438 dici
926 376 1027 438 Latine
1043 378 1215 442 decorum

149 468 263 542 potest:
280 461 388 522 Graece
403 460 481 520 enim
497 454 627 540 πρέπον
643 461 758 524 dieitur.
783 460 878 522 Huius
889 461 932 522 vis
948 481 981 522 ea
992 469 1045 535 est,
1061 471 1093 524 ut
1107 464 1143 524 ah
1154 465 1215 526 ho-

82 517 235 631 &nesto
250 563 312 608 non
327 553 412 624 queat
433 545 570 624 separari.
600 545 676 608 Nam
697 553 725 608 et
740 547 818 625 quod
842 547 924 608 decet
938 545 1098 608 honestum
1119 557 1167 608 est
1186 557 1216 610 et

149 632 229 710 quod
244 633 403 694 honestum
418 638 463 690 est
477 630 567 690 decet.
596 631 695 704 Qualis
707 642 806 692 autem
822 631 982 692 differentia
998 631 1035 692 sit
1049 632 1168 694 honesti
1184 642 1216 695 et

149 716 250 778 decori
261 715 372 776 facilius
385 713 510 793 intellegi
520 733 608 793 quam
623 715 769 796 explanari
783 723 890 796 potest.
917 715 1066 796 Quidquid
1077 724 1122 777 est
1134 717 1213 778 enim

149 801 228 880 quod
244 802 355 873 deceat,
376 800 405 860 id
423 807 488 860 tum
503 807 637 879 apparet,
658 819 726 862 cum
738 808 908 880 antegressa
918 809 964 861 est
973 802 1126 876 honestas.
1153 803 1213 864 lta
1280 879 1284 885 ι

149 903 206 964 que
220 903 282 948 non
303 885 399 946 solum
417 885 449 944 in
463 885 519 946 hac
532 893 614 964 parte
629 885 807 959 honestatis,
828 886 864 946 de
880 904 937 964 qua
956 886 1014 948 hoo
1032 886 1099 946 loco
1115 886 1213 949 disse-

148 971 273 1032 rendum
289 979 342 1043 est,
360 969 411 1030 sed
427 969 513 1030 etiam
528 967 663 1032 intrihus
675 969 877 1051 superioribus
888 971 957 1048 quid
970 970 1071 1032 deceat
1081 980 1212 1051 apparet.

148 1055 222 1116 Nam
239 1063 267 1116 et
281 1055 395 1116 ratione
409 1053 452 1114 uti
467 1061 553 1133 atque
573 1055 707 1116 oratione
726 1056 886 1135 prudenter
901 1063 929 1116 et
948 1073 1032 1134 agere
1047 1057 1128 1134 quod
1142 1075 1212 1136 agas

149 1140 335 1200 considerate
357 1138 496 1218 omnique
515 1139 546 1200 iu
565 1159 597 1200 re
621 1141 690 1220 quid
712 1141 750 1200 sit
768 1140 827 1200 veri
847 1139 944 1200 videre
967 1147 996 1200 et
1018 1141 1094 1201 tueri
1119 1141 1212 1215 decet,

149 1230 310 1303 contraque
324 1225 396 1297 falli,
412 1241 522 1298 errare,
536 1224 606 1297 labi,
625 1224 721 1304 decipi
736 1233 795 1286 tam
811 1223 931 1285 dedecet
945 1243 1033 1304 quam
1048 1224 1170 1286 delirare
1185 1235 1215 1288 et

149 1317 247 1370 mente
262 1328 328 1370 esse
344 1316 477 1388 captum,
501 1317 530 1388 et
543 1309 620 1370 iusta
635 1310 735 1370 omnia
754 1311 859 1370 decora
875 1317 957 1384 sunt,
978 1309 1086 1371 iniusta
1102 1319 1213 1386 contra,

148 1402 181 1454 ut
196 1396 302 1472 turpia,
318 1393 361 1454 sic
371 1393 517 1454 indecora.
545 1393 654 1455 Similis
667 1405 712 1454 est
723 1395 797 1456 ratio
814 1393 1003 1455 fortitudinis.
1030 1394 1116 1467 Quod
1132 1396 1213 1456 enim
1246 1417 1248 1422 ·

148 1477 265 1539 viriliter
279 1479 437 1557 animoque
452 1495 559 1556 magno
575 1479 617 1550 iit,
634 1479 664 1539 id
680 1480 799 1558 dignum
814 1479 878 1539 viro
890 1487 919 1539 et
930 1480 1071 1540 decorum
1082 1479 1212 1541 videtur:

94 1576 127 1627 95
148 1564 227 1642 quod
244 1572 353 1636 contra,
368 1563 399 1624 id
413 1571 446 1624 ut
460 1570 546 1643 turpe
562 1564 605 1624 sic
619 1563 799 1628 indecorum.
827 1564 937 1636 Quare
952 1563 1077 1644 pertinet
1091 1565 1212 1644 quidem

147 1649 183 1708 ad
199 1666 319 1709 omnem
333 1649 519 1709 honestatem
534 1648 606 1722 hoc,
622 1649 701 1727 quod
717 1648 798 1720 dico,
819 1648 959 1708 decorum
976 1656 1004 1709 et
1019 1648 1208 1728 depertinet,

147 1739 180 1794 ul
194 1751 256 1794 non
270 1733 420 1794 recondita
436 1732 560 1812 quadam
580 1733 693 1794 ratione
714 1741 862 1805 cernatur,
885 1734 937 1794 sed
958 1733 996 1794 sit
1014 1733 1209 1814 inpromptu.

146 1817 200 1878 Est
215 1817 293 1878 euim
310 1817 460 1897 quiddam,
480 1817 568 1896 idque
583 1817 759 1896 mtellegitur
779 1819 809 1878 in
826 1817 907 1878 omui
921 1818 1040 1892 virtute,
1061 1818 1140 1896 quod
1155 1818 1209 1879 dc-

148 1911 223 1964 ceat:
244 1903 323 1980 quod
345 1903 520 1981 cogitatione
541 1903 633 1979 magis
650 1921 666 1962 a
681 1903 905 1981 virtutepotest
920 1921 1007 1981 quam
1022 1921 1054 1962 re
1071 1903 1210 1982 separari.

147 1987 185 2047 Ut
199 1993 336 2047 venustas
353 1996 381 2048 et
399 1986 566 2065 pulcritudo
587 1987 721 2064 eorporis
743 1988 855 2048 secerni
875 2005 938 2048 non
956 1994 1055 2066 potest
1070 2007 1085 2047 a
1099 1988 1210 2048 valetu-

146 2071 229 2143 diue,
252 2071 294 2131 sic
308 2071 379 2144 hoc,
398 2071 434 2131 de
450 2089 507 2150 quo
528 2070 692 2150 loquimur,
713 2072 871 2146 decorum,
891 2078 986 2133 totum
1006 2072 1074 2132 illud
1090 2072 1210 2151 quidem

145 2162 192 2216 cst
206 2173 273 2215 cum
288 2155 394 2216 virtute
409 2157 579 2228 confusum,
596 2156 646 2216 sed
662 2165 760 2218 mente
776 2163 804 2216 et
819 2156 996 2235 cogitatione
1011 2157 1209 2236 distinguitur.

93 2253 126 2306 96
146 2239 200 2300 Est
219 2248 315 2302 autem
343 2241 405 2300 eius
431 2239 588 2319 descriptio
609 2241 725 2320 duplex.
760 2242 834 2302 Nam
855 2249 883 2301 et
907 2242 1037 2320 generale
1062 2242 1211 2321 quoddam

145 2325 284 2386 decorum
301 2325 511 2403 intellegimus,
527 2326 606 2404 quod
622 2325 748 2387 inomni
756 2327 915 2398 ,honestate
929 2334 1074 2399 versatur,
1090 2335 1119 2388 et
1133 2327 1210 2388 aliud

145 2409 213 2471 huic
228 2409 402 2482 subiectum,
419 2411 498 2488 quod
513 2413 639 2489 pertinet
653 2409 689 2472 ad
704 2410 832 2490 singulas
847 2419 945 2491 partes
956 2412 1130 2474 honestatis.
1155 2412 1210 2484 dt-¹

144 2513 200 2574 que
214 2494 284 2555 illud
299 2494 435 2574 superius
451 2493 493 2553 sic
508 2495 567 2554 fere
582 2495 695 2568 definiri
716 2497 800 2569 solet,
820 2495 976 2568 ‚decorum
991 2497 1020 2558 id
1036 2515 1112 2569 esse,
1129 2495 1209 2575 quod

178 2645 220 2696 94.
246 2645 365 2710 intellegi
378 2644 486 2708 gedacht
498 2645 608 2707 werden,
621 2644 647 2709 ξ.
702 2651 781 2694 etwas
794 2643 968 2704 Bestimmtes3
985 2646 1015 2693 de
1029 2645 1070 2694 iiu.
1084 2645 1124 2711 ΙΠ,
1139 2648 1162 2710 7,
1174 2646 1209 2696 23

145 2712 193 2764 126
205 2713 320 2779 difflui&
331 2713 367 2764 ad
376 2711 596 2778 eloquendarneed
606 2728 649 2762 aa·
701 2716 732 2761 ut
746 2711 860 2761 memtm
873 2712 947 2760 nobis
962 2712 1000 2758 ita
1016 2711 1077 2758 data
1092 2719 1161 2774 eant,
1179 2720 1212 2764 at

143 2785 177 2831 tte
194 2783 246 2832 erit
259 2780 380 2846 intellegi.
401 2778 649 2844 tantumdem
701 2779 736 2828 ad
746 2776 882 2842 quamdam
899 2779 1025 2826 radonem
1036 2777 1136 2826 citandi
1145 2779 1210 2828 data

143 2852 290 2900 beaerwmo
320 2851 387 2899 otest
396 2850 504 2912 atsa'qai
508 2846 650 2914 prudenter
702 2861 759 2894 esee
774 2847 908 2910 appareat.
932 2844 962 2892 de
980 2848 1043 2890 orat.
1059 2839 1101 2904 ΙΠ,
1120 2840 1160 2906 10,
1173 2843 1207 2890 37

142 2915 275 2980 intellegit.
299 2865 363 2965 iiiuc
380 2913 516 2963 Definition
531 2929 580 2962 von
593 2914 648 2961 dem
702 2927 765 2976 crgo
775 2911 836 2959 haee
848 2914 874 2958 et
883 2909 1093 2974 agendoaaattad
1104 2912 1207 2960 oratore

142 2984 263 3034 decoram
279 2983 312 3032 im
328 2981 512 3043 Aligemeiuen,
530 2980 553 3028 d.
566 2980 589 3026 lr.
602 2979 648 3026 der
702 2983 728 3028 et
738 2977 845 3028 dicenda
857 2977 966 3042 qaudam
976 2976 1060 3028 neoda.

141 3067 173 3102 aa
202 3051 247 3100 der
275 3049 380 3114 Tugend
407 3063 452 3096 zur
475 3045 649 3108 Bracheiuung
735 3053 949 3123 capsum-1153,
965 3057 1004 3106 10,
1112 3065 1114 3068 ·

142 3119 314 3199 lammeudeu·
329 3114 452 3166 Mosslreit
476 3115 526 3162 und
553 3112 648 3162 Schiin·
735 3143 886 3209 dmm-pum
898 3157 918 3191 ε.
932 3159 954 3191 z·
968 3141 994 3207 §-
1007 3141 1048 3190 21·

141 3189 202 3249 liert,
215 3186 279 3234 uard
291 3185 359 3233 nicht
370 3181 489 3244 gegeben.
511 3179 569 3230 Man
578 3195 647 3230 muss

142 3255 179 3304 sie
192 3253 243 3302 sicli
255 3267 301 3302 uus
314 3252 361 3300 den
371 3248 481 3299 Worteu
494 3247 615 3313 pactapact
621 3248 650 3298 id
710 3297 716 3308 ,
735 3227 776 3277 96·
785 3215 893 3305 ²¹3⁸V⁰ml²i
901 3228 1040 3306 ll⁰nf³⁸i⁰i⁰a
1050 3227 1136 3306 indm}
1142 3226 1207 3307 Sili·

89 3339 93 3345 .
142 3319 261 3386 estquod
271 3319 403 3369 deceat„
416 3317 648 3367 gwosmundipa
699 3297 780 3374 lachen
795 3293 1241 3380 umAllgememeu3alson1clrt1uA

139 3391 261 3457 perticat,
279 3391 309 3436 at
322 3401 373 3435 aaa
391 3384 522 3435 recondita
537 3384 647 3449 quadam
696 3366 773 3428 Jeder
784 3363 834 3412 Art
846 3364 890 3412 des
902 3363 1043 3426 suthalan,
1056 3377 1077 3412 s.
1090 3378 1113 3411 z.
1127 3362 1149 3426 §.
1164 3362 1206 3414 41.

141 3457 378 3517 redemptionom,
391 3453 516 3504 sedsttc'u
524 3457 647 3521 prompta
735 3448 855 3500 decorum
869 3447 898 3498 id
912 3463 974 3497 esse.
1005 3447 1122 3498 Dieselbe
1138 3447 1206 3496 Deli-

142 3522 385 3574 uusammonstcllcu.
700 3517 778 3567 nition
791 3523 862 3581 passt
874 3516 935 3566 unali
948 3530 970 3564 c.
983 3515 999 3562 4
1012 3515 1043 3564 de
1056 3515 1097 3564 liu.
1107 3513 1139 3564 lll
1154 3531 1175 3564 c.
1190 3514 1206 3564 6

175 3591 216 3640 95.
234 3592 348 3658 pertinet
359 3590 466 3656 quadem.
488 3590 538 3639 Der
548 3587 648 3650 Gegeu-
702 3585 761 3648 (vgl.
771 3580 845 3646 illul.)
858 3581 903 3634 uui
913 3583 957 3632 das
966 3583 1110 3633 tonastam.
1127 3582 1163 3632 Es
1173 3581 1207 3632 ist

142 3666 206 3725 sata,
215 3659 263 3709 den
272 3658 373 3725 quidem
381 3656 525 3721 aukiiudigt,
535 3656 647 3720 liegtmit
700 3653 755 3702 also
768 3653 837 3702 dorin
850 3651 896 3700 der
904 3649 1070 3702 Untersehied
1080 3650 1207 3699 zwisclrcu

142 3728 214 3777 einer
225 3726 393 3778 Analoluthie
405 3727 450 3776 der
461 3724 530 3776 Rede
543 3725 567 3774 iu
580 3722 649 3790 qaod
700 3722 755 3769 dem
773 3719 906 3770 Sittlicheu
923 3733 955 3768 au
973 3717 1025 3768 sicli
1038 3718 1088 3768 uud
1099 3717 1145 3766 dor
1158 3717 1207 3766 ihm

141 3797 298 3861 cogitatione
308 3798 394 3861 magia
406 3799 453 3844 cet.
701 3785 925 3850 eigeutlriimliclren
945 3784 1130 3849 Eischeiuuug,
1151 3784 1206 3834 dem

176 3847 646 3930 qadddamistmitNechdruckgesegt:
701 3855 828 3922 auorum,
840 3871 931 3906 ausser
942 3854 1006 3904 Acht
1016 3852 1141 3916 gelasseu.
