2734 4478
472 313 476 322 ,
529 251 589 304 mn
602 251 632 304 1..
648 253 718 304 aar.
732 253 757 304 v.
771 252 795 304 s.
1150 255 1213 319 tl·

90 469 95 478 ,
122 409 230 472 modo,
264 407 419 477 Maximam
444 414 543 469 autem
560 415 675 487 partem
696 408 734 468 ad
751 407 888 468 iniuriam
906 406 1067 484 iaciendum
1086 406 1192 485 adgre-

127 495 261 567 diuntur,
286 502 320 554 ut
339 491 537 571 adipiscantur
557 511 603 566 ea,
629 509 703 571 quae
723 492 966 570 concupivertmt:
992 491 1023 554 in
1043 505 1102 570 quo
1123 491 1192 552 vitio

126 579 270 656 latissime
286 585 365 656 patet
379 576 504 642 avaritia.
531 577 714 656 Expetuntur
733 584 831 648 autem
851 575 967 636 divitiae
980 595 1047 638 cum
1064 577 1102 637 ad
1116 593 1190 638 usus
1217 576 1239 637 8

126 665 201 726 vitae
212 663 397 724 necessarios
408 670 472 723 tum
484 662 519 722 ad
531 661 722 741 perfruendas
734 661 907 740 voluptates.
932 661 964 722 ln
977 660 1083 740 quibus
1095 669 1190 722 autem
1209 667 1242 718 25

126 749 223 810 maior
243 756 289 807 est
309 747 438 820 animno,
458 747 490 807 iu
510 747 545 808 iis
564 747 703 825 pecuniae
723 745 865 826 cupiditas
887 753 999 825 spectat
1022 746 1057 806 ad
1073 764 1147 826 opes
1163 755 1192 806 et

33 857 35 866 ·
126 834 165 895 ad
190 831 370 912 gratificandi
393 831 570 906 facultatem,
595 839 628 892 ut
646 850 742 911 nuper
761 831 798 891 M.
818 830 942 892 Crassus
961 830 1086 908 negabat
1104 831 1192 892 ullam

128 917 200 980 satis
220 935 355 996 magnam
371 917 526 995 pecuniam
541 935 609 980 esse
623 917 663 991 ci,
683 917 733 995 qui
749 915 778 975 in
793 915 941 995 republica
955 915 1094 994 princeps
1109 915 1193 976 vellet

127 1021 202 1077 esse,
216 1002 301 1063 cuius
316 1001 459 1063 fructibus
475 1001 633 1062 exercitum
648 1001 724 1062 aiere
735 1018 797 1060 nou
809 1009 920 1080 posset.
947 1000 1094 1062 Delectant
1105 1000 1192 1062 etiam
1209 1015 1215 1024 '

127 1087 275 1166 magnifici
295 1094 451 1166 app-aratus
471 1087 604 1167 vitaeque
619 1087 713 1147 cultus
730 1103 795 1146 oum
812 1086 950 1164 elegantia
965 1093 995 1146 et
1009 1084 1106 1164 copia:
1126 1085 1191 1164 qui-

127 1173 185 1233 bus
207 1171 294 1232 rebus
315 1173 450 1232 ellectum
466 1179 512 1233 cst
526 1173 684 1248 utninfinita
699 1171 841 1250 pecuniae
857 1169 1000 1250 cupiditas
1015 1177 1101 1230 esset.
1131 1169 1192 1230 Neo

126 1276 196 1318 vero
224 1255 269 1317 rei
288 1256 437 1317 familiaris
458 1257 645 1336 amplificatio
666 1255 775 1317 nemini
795 1273 906 1318 nocens
926 1255 1117 1335 vituperanda
1137 1263 1191 1328 est,

127 1343 181 1404 sed
207 1341 342 1419 fugienda
368 1360 485 1421 semper
509 1341 614 1402 iniuria
640 1348 693 1428 est.
732 1340 857 1401 Maxime
883 1348 980 1402 autem
1006 1339 1191 1401 adducuntur
1208 1345 1241 1396 26

125 1427 272 1506 plerique,
299 1435 331 1486 ut
350 1446 401 1487 eos
426 1427 552 1488 iustitiae
577 1427 671 1506 capiat
695 1424 817 1499 oblivio,
842 1443 910 1486 eum
932 1420 965 1486 iri
987 1424 1190 1504 imperiorum,

126 1512 297 1584 honorum,
317 1511 424 1588 gloriae
443 1512 631 1591 cupiditatem
651 1511 826 1571 inciderunt.
856 1511 944 1584 Quod
959 1509 1037 1570 enim
1052 1517 1097 1571 est
1112 1509 1190 1588 apud

128 1595 271 1668 Ennium,
415 1591 431 1626 -’

302 1679 309 1692 ’
531 1680 739 1742 Nullasauctd
753 1684 883 1752 societas,

219 1763 288 1824 ·Nec
301 1764 374 1844 fides
385 1768 469 1844 requi
481 1777 529 1838 est,

27 1899 34 1904 ·
125 1867 156 1928 id
172 1866 258 1927 latius
274 1874 361 1946 patet.
387 1866 463 1927 Nam
478 1865 620 1948 quidquid
636 1865 698 1928 eius
714 1865 796 1926 modi
811 1873 865 1938 est,
881 1865 912 1925 in
928 1881 985 1944 quo
998 1866 1192 1946 nonpossint

125 1952 226 2032 plures
243 1951 394 2026 excellere,
409 1953 440 2011 in
456 1972 490 2012 eo
506 1953 539 2012 lit
552 1953 726 2032 plerumque
742 1957 819 2012 tauta
835 1950 993 2024 eontentio,
1009 1958 1040 2010 ut
1056 1951 1190 2012 diltieilli-
1286 1957 1288 1960 '

93 2079 99 2087 ⁴
126 2055 211 2098 mum
227 2037 265 2097 sit
280 2055 396 2097 servare
411 2043 550 2098 ‘sanctam
567 2036 753 2097 societatem'.
776 2035 936 2098 Declaravit
951 2035 979 2095 id
995 2037 1085 2096 modo
1097 2043 1189 2096 teme-

125 2123 199 2183 ritas
212 2122 242 2182 ὓ
256 2121 396 2195 Caesaris,
413 2123 462 2200 qui
474 2121 572 2182 omnia
584 2122 647 2182 iura
660 2121 757 2183 diviua
769 2129 798 2182 et
807 2112 934 2182 humana
945 2121 1083 2200 pervertit
1094 2140 1189 2201 prop-

125 2214 173 2268 ter
192 2225 273 2280 eum,
295 2225 383 2285 [prem
399 2205 454 2268 sibi
469 2207 534 2285 ipse
550 2206 698 2284 opinionis
714 2225 814 2266 errore
830 2206 963 2286 tinxerat,
982 2205 1189 2285 principatum.

124 2293 181 2352 Est
206 2300 303 2352 autem
329 2291 359 2351 iu
378 2291 438 2351 hoe
456 2309 561 2370 genere
581 2291 752 2364 molestum,
779 2290 859 2370 quod
880 2291 910 2350 in
928 2290 1063 2350 maximis
1084 2290 1189 2350 animis

127 2375 437 2455 splendidissimisque
451 2373 576 2452 ingeniis
591 2377 765 2455 plerumque
779 2375 909 2435 existunt
924 2373 1048 2435 honoris
1065 2373 1189 2452 imperii,
1266 2378 1287 2412 2'
1324 2379 1327 2384 '

126 2459 278 2538 potentiae
301 2458 408 2535 gloriae
427 2459 605 2538 cupiditates.
635 2461 700 2534 Quo
721 2460 814 2539 magis
836 2457 995 2535 cavendum
1010 2465 1054 2519 est
1067 2476 1105 2518 ne
1120 2451 1278 2538 quid'gfsjfs'
1303 2469 1323 2478 ”

126 2543 159 2604 in
176 2561 212 2603 ee
227 2560 332 2620 genere
345 2550 490 2621 peccetur.
518 2545 575 2604 Sed
589 2545 618 2605 in
631 2545 713 2606 omni
724 2545 865 2606 iniustitia
877 2545 1056 2624 permultum
1067 2543 1189 2605 interest
1207 2557 1239 2608 27
1253 2537 1273 2593 '1
1294 2583 1319 2602 a*
1351 2589 1354 2618 a

124 2637 229 2690 utrum
248 2627 469 2706 perturbatione
489 2629 582 2709 aliqua
596 2629 699 2704 animi,
715 2650 788 2709 quae
802 2629 976 2710 plerumque
991 2628 1089 2690 brevis‘
1102 2637 1147 2689 est
1162 2635 1190 2690 et
1217 2679 1220 2689 ,
1243 2656 1246 2673 ι
1285 2673 1289 2685 ,

125 2713 164 2776 ad
185 2721 317 2792 tempuS‚
342 2729 380 2774 an
405 2714 539 2774 consulto
559 2723 588 2774 et
608 2715 731 2794 cogitata
751 2715 801 2776 fiat
821 2714 935 2774 iniuria.
969 2713 1090 2774 Leviora
1109 2713 1190 2774 enim

160 2881 202 2932 24.
226 2885 318 2948 taqua
337 2884 410 2947 vatio,
433 2883 456 2932 d.
469 2883 486 2932 i.
509 2881 629 2933 dem'Un-
718 2880 955 2932 26.aalla—-aec
969 2881 1186 2948 fidesregva',in
1315 2879 1319 2890 “

123 2952 198 3000 recht
209 2951 282 3016 thum
299 2965 340 3000 um
357 2957 436 3000 etwas
449 2967 482 3000 zu
494 2951 628 3013 erlangeu3
685 2951 741 3000 dem
750 2946 1189 3014 Kdnigthum,d.h.heidenlitini-
1246 2961 1249 2970 “
1312 2957 1314 2964 ’
1341 2959 1344 2966 “

125 3019 177 3066 ilum
192 3017 254 3081 licgt
269 3019 345 3068 meist
357 3017 484 3068 Habsucht
501 3033 533 3067 zu
545 3017 629 3068 Gruu-
683 3033 749 3082 gem·
770 3019 816 3068 llic
833 3017 926 3068 Wortc
947 3017 1030 3068 bilden
1052 3018 1098 3067 den
1121 3018 1188 3067 Aus-

124 3085 172 3145 de,
193 3085 254 3134 doeh
273 3085 339 3136 kann
349 3101 387 3154 'es
404 3087 467 3136 auch
483 3084 551 3136 thlr
569 3086 631 3135 oder
684 3102 749 3150 gang
760 3087 812 3136 und
823 3085 922 3148 Aulang
934 3101 982 3135 von
999 3086 1064 3135 zwei
1077 3085 1188 3134 trechii·

124 3153 232 3204 anderes
246 3153 308 3203 sein¹
527 3165 532 3172 “
683 3156 759 3204 salven
777 3153 932 3215 Octonaren3
954 3153 1074 3202 walchem
1093 3152 1199 3210 sadala,

159 3209 193 3269 8.
211 3220 251 3270 25.
270 3221 306 3272 M.
322 3220 436 3272 Ltaa‘m‘us
454 3221 566 3273 Crassus
586 3221 631 3271 mit
684 3223 721 3271 sie
731 3221 892 3270 zuzuweisan
905 3221 967 3286 siud,
979 3221 1045 3270 ldsst
1056 3221 1108 3270 sich
1121 3221 1190 3272 nicht

127 3287 184 3334 dem
196 3285 324 3338 Boiuame'n
338 3289 420 3352 dieas,
433 3289 630 3352 derlriumvir,
683 3289 922 3348 nritllestimmtheit
935 3304 1019 3352 sapen.
1131 3289 1133 3292 ’

127 3353 174 3402 liel
184 3353 230 3402 701
245 3355 295 3420 (53)
304 3371 386 3420 ¹gegen
396 3358 436 3408 die
445 3356 561 3418 Parthen
574 3358 629 3407 ulso
716 3356 974 3424 maduistwieuuper
983 3356 1188 3406 obcnvoneinem

128 3421 162 3470 10
175 3421 340 3474 detraherer
357 3425 407 3475 Cia.
420 3425 504 3475 dieses
522 3423 629 3474 schrieb.
685 3423 830 3474 Zeitruume
858 3439 908 3474 von
937 3425 1069 3474 mehreren
1097 3425 1188 3473 Jahren

123 3488 224 3540 Plinius
237 3497 287 3540 nat.
300 3491 358 3542 lrist.
370 3491 490 3554 XXXlll,
506 3491 536 3540 10
551 3491 627 3542 Cras·
686 3499 785 3555 gesagt.

122 3574 173 3609 aas
190 3559 304 3622 negabat
323 3559 470 3630 locupletem
487 3575 556 3624 ease,
577 3562 631 3609 πίει·
714 3557 1189 3623 Ertautem:§.dlaedilludcdioeum

123 3629 170 3693 pai
190 3625 278 3678 redita
301 3643 384 3680 annac
410 3629 536 3694 temonem
560 3629 630 3678 tucri
683 3633 759 3680 ertu.
773 3643 794 3676 s,
808 3641 841 3676 w.

121 3699 220 3814 ΗΛ
253 3693 283 3744 la
300 3698 380 3815 ἔειπε
400 3699 456 3746 aea'e
480 3698 629 3745 sestertium
717 3694 1187 3814 cmoltotptcpffltam:§.13darpidoc

154 3799 160 3812 .
203 3799 210 3812 .
241 3777 300 3814 osee
339 3802 345 3814 .
698 3779 766 3815 'aaut
787 3777 830 3813 aas
866 3779 886 3814 a
908 3779 964 3814 caes
984 3779 1046 3814 rare
1067 3777 1118 3814 anta
1155 3780 1188 3814 aaa

156 3778 307 3899 appa-patus,
317 3830 630 3898 priiclrtigeitusstattung,
681 3782 823 3884 {masmae
836 3779 866 3880 θῇ
878 3829 1025 3881 fanvlltt
1039 3833 1100 3880 deae
1109 3781 1186 3898 pagias

123 3915 143 3948 s.
157 3901 293 3968 apparatio
306 3899 334 3964 ll,
349 3898 388 3964 16,
402 3897 445 3948 56.
684 3916 792 3966 aeraque
806 3898 941 3950 redieram.
971 3897 1129 3950 Numsntlich
1146 3899 1189 3948 bei
