2774 4482
104 777 136 830 47

158 274 198 335 52
232 247 234 250 ’
590 269 633 322 nu
652 269 790 324 orrrcns

157 426 233 488 xime
244 426 398 488 virtutibus
410 426 458 487 his
469 425 699 488 lenioribuserit
711 434 843 499 ornatus,
856 426 1010 499 modestia,
1023 427 1225 508 temperantia,

157 513 212 574 hae
226 512 304 591 ipsa,
319 512 356 571 de
373 529 430 591 qua
445 512 535 572 multa
550 510 609 572 iam
626 511 703 573 diola
719 517 803 584 sunt,
818 511 936 574 iustitia.
966 511 1042 573 Nam
1058 512 1143 574 lorlis
1158 512 1224 575 ani-

158 615 225 658 mus
241 603 270 658 et
283 613 409 676 magnus
424 596 455 656 in
470 597 591 657 homine
610 614 672 656 non
688 597 817 675 perlecto
838 615 893 658 neo
912 597 1043 676 sapiente
1064 597 1226 659 ferventior

157 683 330 763 plerumque
345 689 400 753 est,
416 680 479 742 illae
493 681 615 744 virtutes
630 681 743 743 bonum
757 681 853 742 virum
868 682 1004 743 videntur
1018 683 1118 762 potius
1134 682 1224 744 ettin-

159 787 235 847 gere.
271 767 366 846 Atque
385 767 459 828 haee
477 765 508 826 in
527 767 669 828 moribus
704 767 746 827 De
770 765 970 829 benevolentia
995 775 1107 840 autem,
1135 785 1225 847 quem

159 852 283 933 <piisque
297 851 403 913 babeat
417 869 485 929 erga
498 869 571 922 nos,
591 851 722 930 primum
741 851 813 913 illud
829 860 874 914 est
889 852 919 912 in
935 853 1047 926 officio,
1068 860 1101 915 ut
1115 852 1142 913 ei
1156 853 1225 932 plu-

158 938 268 999 rimum
282 936 454 1008 tribuamus,
469 955 486 996 a
501 954 559 1015 quo
574 936 735 1015 plurimum
748 936 909 1016 diligamur,
926 938 979 998 sed
991 935 1224 998 benevolentiam

159 1040 221 1084 non
236 1022 522 1084 adulescentulorum
538 1040 621 1082 more
636 1022 742 1082 ardore
757 1023 885 1100 quodam
902 1022 1029 1095 amoris,
1045 1023 1094 1083 sed
1112 1022 1224 1083 stabili-

159 1115 218 1169 tate
238 1105 338 1187 potins
359 1114 388 1168 et
408 1107 572 1167 eonstantia
591 1106 762 1167 indicemus.
794 1106 846 1168 Sin
868 1115 954 1168 erunt
973 1107 1089 1175 merita,
1111 1116 1225 1168 utnon

159 1192 295 1264 ineunda,
311 1193 362 1253 sed
376 1192 530 1252 reserenda
546 1191 584 1251 sit
599 1192 697 1269 gratie,
712 1192 808 1253 maior
824 1193 965 1271 quaedam
981 1211 1050 1254 eure
1061 1191 1226 1254 adhibenda

160 1289 212 1339 est.
243 1275 361 1338 Nullum
382 1275 462 1336 enim
482 1275 612 1336 officium
632 1277 784 1338 reserenda
804 1277 892 1356 gratia
913 1276 1006 1356 magis
1025 1277 1226 1338 necessarium

107 1373 139 1425 48
161 1371 214 1424 est.
242 1363 328 1434 Quod
340 1361 365 1422 si
377 1381 418 1433 ee,
434 1379 506 1439 quae
517 1361 623 1422 utenda
635 1362 791 1440 acceperis,
807 1361 920 1423 maiore
932 1380 1081 1434 mensura,
1096 1363 1225 1424 simodo

159 1448 273 1529 possm,
289 1447 370 1508 iubet
383 1447 505 1508 reddere
518 1445 682 1518 Hesiodus,
699 1447 840 1526 quidnam
856 1447 998 1510 benefitio
1015 1447 1165 1527 provocati
1181 1449 1226 1508 la-

161 1551 226 1594 cere
241 1529 406 1594 debemus?
429 1549 466 1592 an
481 1528 589 1592 imitari
603 1550 690 1610 agros
706 1532 830 1605 fertiles,
845 1532 894 1612 qui
910 1533 1002 1593 multo
1019 1533 1085 1611 plus
1101 1533 1227 1594 efferunt

160 1635 246 1698 quam
263 1614 459 1696 aeceperunt?
470 1599 606 1706 {Etenim
623 1616 694 1678 siin
709 1637 771 1690 eos,
786 1637 861 1696 quos
878 1636 1033 1697 speremus
1049 1617 1136 1678 nobis
1152 1637 1226 1698 pro·

162 1706 290 1774 futuros,
312 1720 373 1762 non
395 1701 561 1762 dubitamus
578 1700 673 1762 officia
688 1705 835 1776 conferre,
857 1703 957 1782 quales
978 1705 1008 1764 in
1024 1721 1075 1764 eos
1091 1721 1156 1764 esse
1171 1704 1225 1763 de-

160 1789 279 1860 bemus,
295 1787 345 1865 qui
360 1787 418 1848 iem
433 1784 630 1865 prosuerunt?
656 1786 731 1847 Nom
752 1805 819 1848 eum
840 1788 898 1847 duo
913 1805 1026 1868 ,genera
1045 1787 1225 1849 liberalitatis

161 1873 230 1945 sint,
245 1891 339 1934 unum
354 1871 442 1933 dandi
453 1871 594 1945 beneficii,
608 1871 730 1932 alterum
742 1872 893 1945 reddendi,
909 1873 1012 1934 demus
1024 1891 1116 1934 neone
1126 1873 1158 1934 in
1169 1891 1227 1934 no-

163 1966 223 2020 stra
237 1964 384 2038 potestate
398 1963 455 2016 est:
471 1975 533 2017 non
549 1955 670 2016 reddere
683 1956 746 2017 viro
762 1957 842 2018 bono
858 1957 1014 2030 nonlicet,
1030 1960 1121 2019 modo
1136 1958 1166 2019 id
1182 1959 1226 2018 fa-

109 2053 143 2103 49
164 2062 229 2104 eere
248 2041 345 2121 possit
364 2041 427 2102 sine
446 2041 560 2102 iniuria.
595 2041 789 2121 Acceptorum
810 2049 907 2103 autem
927 2043 1136 2105 beneficiorum
1157 2051 1228 2104 sunt

162 2129 289 2189 delectus
309 2126 448 2197 habendi,
475 2143 531 2186 neo
552 2125 675 2186 dubium
697 2127 768 2205 quin
789 2127 916 2188 maximo
942 2121 1047 2206 cuique
1067 2127 1227 2208 plurimum

162 2213 307 2274 debeatur.
338 2213 371 2273 ln
387 2229 445 2290 quo
462 2219 563 2272 temen
584 2210 735 2289 inprimis
755 2230 814 2291 quo
834 2212 958 2291 quisque
980 2213 1093 2286 animo,
1118 2213 1226 2285 studio,
1315 2224 1319 2232 “
1375 2225 1376 2250 ¹

161 2298 361 2360 benevolentia
379 2295 477 2358 feeerit
493 2296 717 2375 ponderandum
732 2307 785 2358 est.
815 2297 896 2358 Multi
911 2299 990 2359 enim
1011 2298 1123 2360 faciunt
1136 2297 1227 2358 multe
1316 2367 1320 2372 .

161 2384 322 2444 temeritate
337 2382 471 2462 quadam,
488 2384 552 2442 sine
564 2380 672 2442 iudicio
684 2381 728 2446 vel
739 2383 844 2443 morbo
860 2382 890 2442 in
903 2401 1006 2443 omnes
1019 2384 1062 2443 vel
1073 2383 1226 2463 repentino

195 2569 333 2620 melotibus
340 2564 671 2632 lenonem:11‚9‚31qnae
724 2574 776 2618 tate
788 2569 812 2617 in
826 2566 971 2634 proximos’.
990 2568 1065 2618 Heus.

159 2633 670 2708 perlinenladmomuetudinmnmoenm
757 2635 799 2685 49.
825 2635 864 2686 uel
874 2639 976 2687 morlo.-
997 2635 1071 2685 Tuae.
1085 2634 1126 2698 lv,
1143 2635 1182 2698 10,
1195 2635 1230 2686 24

162 2723 192 2756 ao
195 2704 362 2771 facilitatem.
722 2703 889 2770 intellegatur
898 2703 1115 2772 permotionem
1127 2705 1229 2752 iacieti-

197 2773 238 2824 48.
259 2775 401 2837 aitmgere:
424 2769 448 2836 ᾖ.
465 2769 502 2820 18.
724 2773 793 2823 tiber
805 2789 834 2823 ee
846 2773 1004 2840 opinionibus
1015 2773 1190 2820 inooneinnter
1202 2775 1229 2819 et

197 2842 228 2893 de
251 2838 433 2902 benet-olentia,
466 2837 491 2886 in
514 2838 670 2888 Anbetmobt
725 2840 825 2890 turbide
839 2842 866 2890 in
882 2844 955 2891 mole
970 2855 1025 2890 erae
1038 2851 1150 2906 conpar,
1167 2851 1227 2888 eune

163 2913 208 2960 dns
221 2906 419 2966 Woblwollens3
438 2921 466 2955 ao
481 2907 550 2956 steht
561 2906 593 2957 de
604 2907 669 2956 obne
722 2913 811 2959 aulem
822 2909 966 2973 dieserenr
977 2908 1159 2970 emdtatioque
1170 2907 1226 2956 oeti-

163 2973 669 3042 grammeliselreBeziebungauidesVer-
722 2979 760 3026 nei
769 2978 961 3034 intentamente,
974 2979 1001 3027 et
1010 2980 1139 3040 terreum
1148 2975 1175 3024 in
1186 2989 1229 3024 ne·
1284 3027 1287 3034 ,

163 3047 270 3096 bumdes
278 3044 367 3094 Setaea
377 3041 468 3105 blinds,
476 3041 531 3092 nli.
539 3039 668 3106 odiamll,
686 3093 696 3111 ,
722 3046 766 3096 nis
789 3049 816 3095 el
837 3043 983 3096 mdullnlie
1005 3043 1144 3106 insederit,
1174 3046 1229 3092 dnn

165 3112 232 3179 17,1
251 3112 283 3163 de
296 3113 441 3163 rationibus
454 3109 600 3175 referendis
616 3125 668 3160 nen
723 3115 815 3163 ambiit
836 3114 943 3164 morbus
967 3117 993 3163 ei
1008 3112 1163 3177 aegrotatio.
1195 3109 1230 3160 So

164 3177 667 3257 eruiineommodumienuilomreserre.
723 3182 792 3231 steht
807 3181 863 3231 hier
878 3181 919 3231 die
934 3181 1063 3231 denerode
1080 3177 1231 3229 krenkbelbe

198 3249 239 3301 48.
265 3248 390 3299 Hem'odue
412 3243 468 3316 ἔργ.
490 3244 540 3296 349
570 3263 600 3297 ευ
612 3244 669 3328 μὲν
722 3248 838 3313 Neignng
855 3265 887 3298 zn
900 3250 971 3300 einer
987 3247 1089 3298 nubile
1102 3248 1166 3298 oboe
1179 3245 1231 3298 Un-

161 3319 330 3436 tntilli:
343 3309 670 3450 tiltlffllteltl
722 3314 1232 3449 ittlltdildtllmlillis

163 3449 259 3518 λώιον,
279 3445 591 3515 αἴκεδύνηαι·ῗΩςᾶν
623 3469 669 3520 ρη-
723 3452 843 3515 geniiber.
890 3451 946 3503 Nur
978 3453 1018 3502 die
1054 3451 1232 3519 interpolirter

164 3523 229 3580 ίζων
245 3512 669 3590 καὶέςῧστερονᾶρκιονευρῃς.
723 3520 797 3571 lldse.
826 3517 904 3571 bab'en
933 3522 978 3571 das
1012 3520 1232 3571 unverstiindlielre

197 3605 238 3640 an.
257 3589 303 3639 Die
316 3589 398 3653 Frage
415 3589 504 3639 miton
520 3588 618 3638 enthiilt
630 3588 670 3638 die
723 3588 806 3640 modo.
836 3591 863 3639 in
876 3605 964 3640 omnes
986 3590 1077 3652 sebert
1095 3605 1127 3639 zu
1143 3590 1232 3639 morbo

163 3657 282 3709 Antwort
297 3657 391 3710 eufdie
404 3663 473 3709 erste
486 3655 581 3718 Frage3
607 3657 669 3705 euch
723 3657 836 3720 invitali,
858 3657 897 3707 bei
919 3657 974 3707 dem
995 3657 1103 3708 zweiten
1125 3655 1233 3720 Regrid'e

163 3727 217 3776 bier
238 3727 271 3777 ist
288 3743 322 3776 en
338 3728 376 3777 uls
389 3725 495 3777 aweites
508 3723 582 3774 Glied
599 3724 672 3773 einer
725 3723 788 3775 ieblt
804 3726 849 3774 des
862 3724 953 3789 Objeet
978 3726 1028 3775 und
1049 3725 1142 3775 lonnte
1161 3738 1231 3788 weg-

162 3793 331 3860 lloppell'rege
337 3792 489 3856 enzueehen,
501 3791 578 3842 deren
585 3798 669 3842 erstes
724 3792 836 3856 bleiben,
857 3793 888 3844 du
900 3809 946 3846 ene
959 3794 1006 3843 den
1019 3791 1129 3843 Worten
1142 3808 1233 3874 repen·

163 3863 327 3913 unterdriielrt
340 3863 382 3915 ist.
725 3862 943 3914 linometuenime'
951 3877 1001 3913 von
1012 3860 1093 3912 selbot
1099 3861 1233 3912 uerenini-

195 3933 251 3982 nne
258 3932 361 3998 iniuria,
373 3933 389 3982 i.
400 3948 423 3983 e.
437 3928 516 3980 ‘selva
525 3926 574 3979 flde
584 3927 672 3996 etpie·
725 3928 775 3980 liob
787 3929 833 3996 iet,
855 3931 914 3982 dese
927 3931 974 3989 die,
984 3943 1015 3980 en
1028 3928 1151 3982 Einzolne
1168 3929 1232 3980 ehoe
