2788 4486
509 225 610 280 uun.
637 223 839 279 conrates
1136 225 1195 289 tat
1295 185 1298 188 .

140 380 258 462 quidem
273 379 366 442 dctus
382 399 455 460 quae
476 382 630 460 cogitarat,
650 400 715 442 eum
732 383 824 461 {pauo
842 382 995 453 intererat,
1015 397 1049 440 ea
1067 380 1196 461 perfecit,

140 485 207 529 oum
228 464 291 527 eius
311 465 369 528 iam
388 466 459 528 nihil
479 467 641 528 interesset.
674 465 810 528 Tantain
826 485 860 527 eo
873 465 1011 546 peccandi
1026 465 1117 527 libido
1133 465 1195 540 luit,

138 560 171 614 ut
186 553 245 612 hoo
259 552 358 630 ipsum
374 570 439 614 eum
456 552 622 622 delectaret,
640 571 772 631 peccare,
788 553 874 614 etiam
890 552 915 613 si
931 569 1016 612 causa
1030 569 1093 612 non
1107 559 1213 623 esset„

138 637 182 698 Ab
204 637 263 697 hoc
282 636 369 716 igitur
389 655 493 716 genere
511 637 686 716 largitionis,
707 645 741 699 ut
758 636 820 698 aliis
840 637 938 710 detur,
957 636 1019 704 aliis
1039 638 1195 711 auferatur,
1217 648 1249 698 85

138 721 262 784 aberunt
276 721 309 795 ii,
330 722 460 801 quirem
481 721 627 802 publicam
646 723 823 796 tuebuntur,
844 721 873 782 in
894 721 1055 801 primisque
1076 740 1196 803 operam

139 808 251 869 dabunt
264 813 297 868 ut
316 807 432 868 iuris'et
450 807 625 870 iudiciorum
640 807 782 887 aequitate
803 825 889 870 suum
910 807 1033 888 quisque
1053 815 1149 869 teneat
1168 814 1197 869 et

136 911 233 973 neque
243 893 391 954 tenuiores
402 901 524 972 propter
533 893 724 955 humilitatem
737 893 1000 956 circumveniantur
1010 893 1196 972 nequeloou-

139 977 265 1058 pletibus
286 977 322 1038 ad
338 995 391 1038 sua
409 977 453 1038 vel
468 978 591 1040 tenenda
606 979 650 1038 vel
665 978 863 1057 recuperanda
879 977 958 1038 obsit
973 976 1092 1051 invidia,
1111 995 1195 1058 prae·
1234 1025 1238 1032 ,

138 1071 216 1124 terea
231 1062 463 1142 qtnbuscumque
481 1063 570 1125 rebus
586 1062 629 1124 vel
650 1063 716 1124 belli
737 1063 781 1124 vel
800 1062 880 1124 domi
900 1069 1038 1141 poterunt
1056 1080 1119 1123 rem
1139 1080 1196 1142 pu-

138 1148 242 1210 blicam
263 1155 386 1226 augeant
409 1147 548 1228 imperio,
573 1147 664 1227 agris,
687 1147 880 1226 uectigalibus.
918 1145 995 1209 Haec
1019 1165 1196 1226 magnorum

138 1233 294 1295 hominum
310 1241 389 1308 sunt,
405 1234 476 1294 haec
489 1233 566 1315 apud
582 1233 709 1295 maiores
724 1241 844 1294 nostros
856 1232 990 1305 lectitata,
1005 1232 1076 1293 haec
1091 1251 1196 1312 genera

140 1319 306 1381 officiorum
326 1319 376 1397 qui
394 1326 615 1398 persequuntur
635 1337 702 1380 oum
723 1321 840 1380 summa
863 1317 983 1378 utilitate
1002 1317 1044 1378 rei
1064 1317 1196 1397 publicae

138 1421 277 1483 magnam
291 1403 348 1482 ipsi
364 1403 560 1482 adipiscentur
575 1411 604 1465 et
619 1403 741 1482 gratiam
757 1411 785 1464 et
799 1401 930 1481 gloriam.

223 1489 257 1550 ln
271 1488 317 1549 his
328 1497 426 1550 autem
436 1489 593 1550 utilitatum
604 1488 766 1567 praeceptis
778 1487 927 1567 Antipater
939 1486 1052 1566 Tyrius,
1067 1487 1195 1563 Stoicus,
1217 1499 1249 1550 86
1321 1555 1326 1564 .

139 1574 187 1654 qui
202 1573 325 1636 Athenis
341 1591 437 1654 nuper
451 1581 496 1635 est
510 1582 654 1648 mortuus,
668 1574 728 1636 duo
742 1573 896 1653 praeterita
912 1579 1011 1633 censet
1025 1591 1091 1634 esse
1105 1591 1122 1634 a
1136 1573 1194 1636 Pa-

138 1659 250 1733 naetio,
268 1659 438 1721 valetudinis
459 1661 640 1721 curationem
660 1666 689 1721 et
707 1657 861 1738 pecuniae,
884 1675 956 1739 quas
977 1675 1057 1719 resa
1076 1676 1194 1720 summo

139 1745 317 1824 philosopho
333 1746 501 1824 praeteritas
522 1744 660 1818 arbitror,
679 1743 757 1823 quod
779 1751 876 1804 essent
896 1742 1007 1804 faciles:
1029 1751 1100 1804 sunt
1120 1751 1196 1805 certe

138 1830 234 1891 utiles
265 1829 324 1890 Sed
339 1830 472 1892 valetudo
488 1837 668 1891 sustentatur
682 1828 784 1890 notitia
800 1827 846 1888 sui
862 1828 997 1908 corporis
1013 1835 1041 1888 et
1056 1828 1195 1890 observa-

139 1914 219 1976 tione
234 1933 307 1994 quae
322 1933 369 1976 res
385 1924 435 1978 aut
453 1915 595 1994 prodesse
616 1914 729 1976 soleant
744 1921 793 1976 aul
809 1913 911 1974 obesse
927 1921 955 1974 et
970 1911 1149 1976 coutinentia
1164 1914 1194 1976 in

137 2000 215 2061 victu
231 2001 312 2060 omni
332 2009 417 2080 atque
437 2001 517 2062 cultu
531 2001 666 2080 corporis
685 1998 786 2061 tuendi
807 2017 894 2061 causa
917 1999 1194 2078 [praetermittendis

137 2085 363 2164 voluptatibusl,
379 2093 530 2164 postremo
546 2093 607 2146 arte
623 2103 741 2160 eorum,
759 2103 886 2164 quorum
905 2084 942 2145 ad
958 2083 1107 2146 scientiam
1123 2086 1196 2147 haec

138 2255 212 2304 soher
232 2255 277 2303 des
299 2268 395 2317 ganzen
412 2253 515 2318 Reicies,
536 2269 590 2305 war
611 2269 640 2304 er
693 2269 743 2305 von
756 2253 859 2320 Tarsus,
872 2255 917 2304 der
928 2251 969 2316 lll,
982 2252 1024 2316 21,
1038 2252 1067 2302 81
1082 2253 1196 2304 erwiilrnt

138 2321 262 2370 uatiirlicle
279 2320 348 2370 scine
362 2321 484 2372 Schulden
502 2321 550 2372 los.
574 2323 639 2372 Dass
692 2324 764 2373 wind.

87 2423 90 2436 .
139 2387 191 2438 Cic.
213 2387 283 2438 diese
303 2387 459 2452 Massregeln
483 2389 529 2438 der
552 2390 638 2439 reinen
727 2391 777 2442 duo
797 2392 953 2458 praeterita:
973 2389 1013 2440 ein
1036 2390 1095 2440 sehr
1115 2390 1193 2439 unbe-

138 2454 203 2514 Lust
214 2469 246 2506 an
259 2455 420 2506 Verlereclien
433 2457 589 2522 zuschreibt,
606 2459 640 2508 ist
693 2459 830 2524 griindeter
840 2457 968 2518 Einumrl5
980 2458 1044 2507 deun
1055 2457 1141 2514 beides
1151 2473 1195 2521 ge-

10 2597 11 2604 *
95 2537 103 2546 ‘
139 2539 167 2573 so
193 2523 261 2574 blind
285 2525 334 2574 und
358 2517 474 2588 gelidissig
497 2526 545 2575 wie
570 2526 638 2576 seins
691 2528 842 2590 hdrtdooli,
863 2525 1195 2576 wieCic.sclbsteinslel1t

138 2607 217 2656 ganzo
234 2592 414 2656 Benrtlreilung
426 2593 540 2644 Caesare.
574 2593 638 2644 Eine
693 2593 754 2660 (Sed
763 2599 815 2647 tolo
824 2595 1012 2660 doedegeaore
1022 2596 1078 2659 cet.)
1092 2595 1161 2644 nicht
1170 2595 1195 2644 in

137 2659 332 2723 llrlaichterung
361 2660 402 2710 liir
429 2662 470 2712 die
499 2662 639 2712 Schuldner
693 2664 821 2714 dielltliik
838 2665 887 2714 und
904 2679 945 2712 um
963 2662 1194 2726 sowenigerhien

138 2743 191 2777 war
208 2728 302 2778 dentale
322 2729 421 2793 nothis,
437 2730 497 2780 weil
513 2731 538 2779 in
560 2730 640 2794 Folge
693 2733 752 2794 her,
764 2731 801 2781 als
813 2731 948 2781 Panaetius
961 2730 1023 2780 nach
1036 2731 1120 2782 seiner
1131 2730 1194 2781 Ein-

138 2797 181 2846 des
193 2794 285 2860 llriegs
298 2797 338 2846 die
349 2796 431 2848 Giiter
442 2799 474 2847 lm
485 2797 595 2849 Wertlte
608 2815 640 2848 zu
693 2799 807 2863 theilung
824 2801 860 2861 (e.
873 2799 942 2849 ltinl.
960 2798 1009 2848 und
1021 2797 1046 2864 ξ.
1063 2798 1090 2847 11
1106 2800 1155 2849 und
1168 2798 1192 2864 ξ.

138 2864 196 2914 sehr
222 2865 351 2927 gesanlren
372 2879 466 2924 waren.
501 2865 638 2918 Mommsen
695 2867 1123 2933 17)aurzutesp1=eelennatte‚
1145 2868 1194 2917 wie

137 2930 168 2981 Ill
189 2949 212 2998 p.
230 2931 289 2982 493.
312 2960 347 2970 ·-
369 2949 437 2984 etune
463 2936 547 2984 otetur
575 2933 640 2984 wind
693 2936 741 2985 wir
760 2936 838 2986 endre
860 2935 995 2986 Mensohen
1020 2933 1062 2984 fur
1084 2949 1193 2985 anseren

139 2997 232 3050 Caesar
248 3001 310 3050 auch
328 3001 390 3052 nach
404 3002 498 3052 seinem
512 3000 581 3052 Todc
594 3017 639 3066 ge·
693 3003 793 3054 Nntnen
806 3005 937 3067 gewinnen
950 3003 1058 3053 klinncu.

138 3075 225 3130 natant,
240 3083 260 3119 s.
274 3085 297 3119 z.
310 3068 334 3134 ξ.
348 3068 389 3119 23.
727 3071 780 3123 Sed
791 3073 870 3124 bildet
886 3073 933 3121 den
947 3071 1105 3135 Uebergang:
1124 3072 1194 3122 ‘aber

170 3153 234 3202 qnae
242 3139 378 3203 eogtmrat.
388 3136 457 3188 Nnclt
468 3139 554 3190 diesen
560 3137 640 3189 Wor-
693 3155 765 3190 wcnn
778 3156 806 3190 cs
818 3142 880 3191 auch
892 3140 969 3189 leicht
981 3139 1028 3203 ist,
1045 3139 1085 3190 ich
1102 3140 1152 3190 will
1165 3155 1193 3190 cs

137 3211 180 3254 ten
196 3206 305 3255 solrnltet
325 3206 379 3256 cine
401 3206 461 3256 llds.
480 3223 538 3258 cam
554 3209 639 3276 ipsius
694 3206 786 3272 sagen’.
818 3207 928 3274 Seyffert
947 3209 1023 3257 scliol.
1046 3208 1091 3258 lat.
1107 3225 1131 3274 p.
1145 3207 1192 3271 253

136 3275 261 3324 intererat
282 3274 336 3336 ein,
357 3275 406 3323 und
428 3275 474 3324 der
495 3274 638 3338 Gegensatz
692 3276 744 3339 vgl.
759 3293 781 3326 z.
794 3275 819 3342 ᾖ.
833 3277 865 3328 74
876 3293 957 3342 nepae
969 3279 1062 3326 tamea.

134 3342 253 3408 persenit,
266 3343 639 3394 eam—interessetl'destei·
742 3344 979 3413 praetercurrentes
1013 3345 1191 3412 voluptatibus.

135 3422 184 3458 nen
202 3408 346 3470 derartigen
363 3406 458 3460 Zusatz
475 3411 637 3462 wiinsoltens-
691 3413 744 3462 Der
767 3412 861 3465 Zusatz
885 3413 949 3463 lento
971 3412 1067 3464 hesser.
1099 3414 1136 3464 Er
1159 3414 1194 3464 ist

135 3475 217 3526 worth
231 3475 385 3533 erscheinen.
693 3481 756 3531 olme
789 3480 1073 3546 Verbindungspartilel
1106 3482 1192 3545 cinge-

170 3541 211 3593 86.
224 3543 365 3594 utilitatum
424 3548 531 3615 eceptio:
544 3547 567 3611 §.
581 3547 620 3598 32.
692 3548 812 3614 selioben,
836 3551 903 3600 stdrt
926 3549 970 3599 das
996 3547 1193 3613 Gleiclrgewioht

169 3613 311 3680 Antipater
374 3616 450 3681 prices
490 3615 558 3664 leltte
599 3616 637 3666 als
692 3617 737 3666 der
755 3617 885 3668 einzelnen
903 3616 1061 3682 Satzglieder
1084 3619 1133 3667 und
1159 3619 1194 3669 ist

135 3679 236 3731 Freuod
249 3679 281 3729 irn
294 3679 378 3730 llense
391 3682 435 3732 des
444 3682 553 3746 jiingcrn
566 3682 636 3748 Cato,
691 3683 733 3733 fur
745 3685 793 3734 den
806 3685 942 3736 Gedanken
956 3679 1114 3752 iiberliiisfiig,
1127 3686 1191 3736 denn

134 3749 183 3798 wie
204 3747 296 3800 Diodot
320 3747 360 3799 bei
381 3748 480 3814 Cicero,
502 3750 636 3802 Panaetius
690 3753 715 3802 in
734 3753 1021 3805 ‘condemnatoriam
1038 3757 1193 3820 emotaeque

135 3816 175 3866 bei
197 3815 288 3883 Scipio.
325 3815 361 3867 Er
381 3818 504 3868 ist‘nieht
525 3833 557 3868 zu
577 3833 637 3869 ver-
691 3817 767 3872 coltu'
790 3821 853 3886 liegt
876 3823 951 3872 sehon
980 3822 1191 3886 ausgesproclaen,

134 3885 260 3936 wochsclu
272 3885 317 3936 mit
326 3885 382 3936 dem
394 3886 493 3936 iilteren
502 3885 636 3954 Antipater
690 3889 748 3939 dass
769 3904 824 3940 men
843 3891 910 3954 sicli,
931 3889 1021 3940 soweit
1036 3905 1064 3940 es
1081 3890 1121 3941 die
1139 3889 1191 3941 Ge·
1215 3899 1220 3905 '
1242 3898 1244 3904 '
