2774 4482
533 259 593 312 un.
605 259 626 314 1.
652 259 845 315 cana-ro.
1174 242 1220 326 η’
1329 301 1333 306 .

150 417 302 479 voluntate
318 415 389 478 fieri.
418 415 494 484 Nam
508 415 567 477 hoo
580 411 680 497 ipsum
695 414 734 476 ita
748 414 860 477 iustum
874 425 932 490 ast,
946 413 1028 496 quod
1041 421 1120 480 racto
1135 413 1218 488 litai

151 507 200 565 est
210 499 414 563 voluntarium.
442 501 519 562 Sunt
529 499 626 572 otiam,
643 499 694 580 qui
705 498 920 562 autstudiorei
932 499 1081 564 familiario
1092 499 1218 564 tuendae
1235 511 1269 565 aa

151 593 205 650 aut
220 584 288 647 odio
305 586 434 666 quodam
448 584 605 648 hominum
620 602 709 648 auum
723 601 755 648 se
769 584 921 664 negotium
935 603 1019 664 agera
1034 584 1148 660 dicant,
1162 602 1219 648 noc

153 673 249 734 faeere
269 669 409 750 cuiquam
423 670 577 732 videantur
591 669 744 731 iniuriam:
766 669 817 750 qui
831 669 923 732 altero
939 687 1046 750 genera
1059 669 1219 732 iniustitiae

151 762 269 830 vacant,
290 755 322 816 in
341 756 464 820 alterum
483 755 646 816 incurrunt.
682 755 827 816 Dceenmt
845 755 924 816 enim
943 753 1019 818 vitae
1038 754 1217 829 sociotatem,

153 841 226 922 quia
239 839 311 902 nihil
326 841 482 902 conterunt
495 840 527 902 in
542 858 607 902 eam
624 839 722 913 studii,
737 839 811 902 nihil
822 858 939 919 operae,
954 839 1028 902 nihil
1038 841 1217 904 facultatum.

240 925 365 999 Quando
384 924 473 1004 igitur
493 924 609 987 duobus
629 925 785 1004 generibus
806 923 964 988 iniustitiae
982 925 1146 1005 propositis
1165 925 1218 988 ad-

125 1053 130 1062 ·
151 1001 421 1074 iunximns'causas
435 1010 588 1090 utriusque
600 1009 724 1090 generis,
739 1027 847 1090 easque
857 1027 904 1072 res
917 1016 987 1071 ante
999 1009 1218 1084 constituimus,

153 1096 262 1177 quibus
273 1094 382 1158 iustitia
390 1096 597 1169 contineretur,
607 1094 689 1156 iaoiic
699 1095 780 1175 quod
788 1095 930 1176 cuiusque
936 1095 1080 1175 temporis
1088 1095 1219 1157 officium

153 1181 194 1243 sit
206 1180 388 1260 poterimus,
402 1180 460 1242 nisi
474 1179 691 1259 nosmetipsos
706 1181 789 1243 valde
802 1179 982 1254 amabimus,
997 1179 1134 1243 iudicare.
1164 1179 1219 1241 Eat
1235 1193 1268 1244 30

152 1267 234 1329 enim
257 1265 381 1328 difficilis
407 1284 477 1327 cura
495 1283 595 1327 rerum
614 1265 781 1328 alienarum.
818 1265 1005 1345 Quamquam
1024 1264 1218 1330 Terentianus

152 1352 201 1414 ille
215 1350 354 1426 Chremes
370 1350 501 1413 ‘humani
515 1350 587 1412 nihil
601 1369 618 1411 a
632 1369 665 1412 se
679 1349 807 1414 alionum
821 1350 931 1430 putat'i
954 1350 1013 1412 Sed
1028 1357 1135 1424 umen,
1150 1350 1219 1430 quia

152 1436 247 1516 magis
267 1455 301 1498 ea
323 1435 502 1517 percipimus
517 1445 603 1516 atqua
618 1435 778 1508 sentimus,
800 1454 874 1515 quae
887 1435 976 1498 nobis
990 1435 1065 1515 ipsis
1081 1443 1131 1498 aut
1145 1454 1218 1515 pro·

153 1540 240 1601 spera
258 1529 308 1584 aut
322 1522 443 1584 advorsa
458 1521 607 1594 eveniam,
627 1539 716 1601 quam
731 1520 792 1594 illa,
813 1539 888 1602 quae
903 1520 1021 1594 ceteris,
1043 1539 1117 1600 quae
1134 1519 1219 1600 quasi

150 1608 242 1686 longo
258 1607 408 1669 intervallo
422 1606 574 1668 interiecto
588 1605 736 1680 videmus,
752 1605 833 1668 aliter
847 1606 884 1667 de
897 1604 952 1668 illis
968 1624 1003 1667 ao
1018 1605 1054 1667 de
1068 1605 1155 1667 nobis
1169 1605 1218 1669 iu·

152 1693 295 1754 dicamus.
325 1691 470 1766 Quocirca
488 1689 563 1753 hene
577 1689 762 1771 praecipiunt
776 1691 826 1771 qui
841 1697 938 1753 vetant
952 1690 1108 1771 quicquam
1122 1709 1217 1771 agere,

152 1776 234 1856 quod
253 1775 369 1838 dubites
388 1795 518 1857 aequum
538 1776 577 1838 sit
591 1794 629 1837 an
643 1775 785 1855 iniquum.
807 1775 954 1855 -dcquitas
969 1775 1048 1837 enim
1061 1775 1139 1838 lucet
1153 1775 1218 1857 ipsa

151 1881 206 1942 per
220 1881 262 1934 se,
279 1861 419 1924 dubitatio
434 1860 642 1941 cogitationem
655 1860 803 1940 signifieat
816 1858 947 1922 iniuriae.

240 1946 299 2008 Sed
313 1945 448 2009 incidunt
461 1965 549 2026 saepe
563 1957 711 2026 tempora,
733 1953 800 2007 cum
815 1963 862 2020 ea,
883 1962 957 2026 quae
972 1945 1098 2007 maxime
1113 1945 1271 2010 viden-10

152 2040 202 2096 tur
216 2031 304 2110 digna
319 2050 384 2094 esse
398 2032 477 2093 iusto
492 2031 614 2105 homine
629 2049 731 2111 eoque,
748 2048 834 2111 quem
849 2031 945 2092 vnum
956 2030 1069 2092 bonum
1081 2029 1217 2106 dicimus,
1235 2041 1266 2092 31

150 2124 371 2179 commutantur
390 2117 522 2196 fiuntque
544 2115 705 2189 contraria,
725 2125 759 2178 ut
776 2113 898 2177 reddero
918 2115 1102 2195 depositum,
1122 2117 1217 2180 iacere

149 2202 349 2282 promissum,
370 2219 501 2282 quaeque
517 2200 664 2282 pertinent
678 2200 715 2261 ad
729 2200 878 2264 veriutem
893 2208 921 2262 et
935 2201 973 2262 ad
987 2201 1089 2276 tidem,
1110 2220 1144 2263 ea
1158 2201 1216 2264 mi·

149 2305 235 2366 grane
249 2285 395 2347 interdum
411 2294 441 2347 et
454 2305 517 2347 non
532 2303 647 2348 servare
662 2286 694 2346 dt
708 2285 829 2348 iustum.
859 2285 972 2348 Referri
987 2285 1066 2347 enim
1082 2287 1164 2348 decet
1179 2286 1216 2348 ad

152 2389 197 2440 ea,
212 2387 288 2446 quae
301 2369 388 2447 posui
402 2370 555 2450 principio,
571 2371 761 2432 fundamenta
775 2371 916 2433 iustitiae:
931 2370 1062 2449 primum
1077 2379 1110 2431 ut
1120 2389 1158 2432 nc
1169 2370 1215 2432 cui

154 2459 312 2524 noceatur,
335 2453 438 2514 deinde
457 2461 490 2514 ut
509 2455 657 2516 communi
675 2455 792 2518 utilitati
812 2453 962 2516 serviatur.
991 2455 1034 2516 Ea
1052 2473 1119 2516 cum
1138 2463 1215 2518 tenr-

151 2554 229 2616 pore
240 2544 467 2610 commutantur,
480 2545 675 2602 commutatur
687 2539 817 2604 officium
829 2549 930 2602 elnon
943 2558 1061 2621 semper
1072 2547 1117 2602 est
1128 2540 1215 2604 idem.
1291 2583 1294 2589 ·

136 2815 138 2819 ,
184 2755 226 2808 29.
255 2771 302 2806 neo
315 2757 412 2823 facere
433 2757 574 2810 moraretur.
609 2759 655 2810 Die
708 2761 771 2814 naim
780 2765 853 2829 puto.
871 2759 984 2814 Mitdom
992 2759 1215 2814 Vorseentaohul·

148 2823 224 2876 lidae.
236 2823 318 2876 haben
328 2827 393 2892 aas.
404 2841 436 2891 o,
447 2827 492 2876 das
502 2826 597 2892 wiirde,
610 2827 655 2877 ab·
710 2828 763 2893 digt
784 2829 903 2879 Chremes
927 2829 981 2878 scin
1005 2827 1166 2881 llinmischen
1190 2830 1216 2880 in

148 2893 242 2958 lingis
262 2908 311 2942 voo
330 2891 429 2956 dicent,
459 2895 506 2944 den
527 2893 656 2946 Vorwand
709 2896 804 2947 ircmde
817 2895 1023 2960 Augelegenheit.

148 2959 273 3025 angebar,
292 2960 339 3011 mit
355 2962 410 3011 dem
424 2961 485 3027 jane
501 2961 583 3013 Lente
599 2963 654 3012 ihre
739 2965 1079 3034 percipiantur-sentimus:
1089 2957 1216 3018 einai'ora-

149 3027 418 3092 aniiokgezogenheit
452 3030 653 3094 entechuldigem
709 3049 760 3100 ρον
772 3027 918 3103 πρότερον,
931 3033 971 3082 dia
979 3031 1145 3100 Emplindunss
1155 3034 1217 3098 geht

148 3095 211 3146 aber
222 3096 247 3145 in
260 3096 325 3146 dem
338 3095 410 3146 Folle
420 3097 490 3148 lra'tta
500 3097 550 3148 Cio.
561 3098 612 3148 wol
623 3114 656 3148 no
698 3101 754 3150 der
766 3100 919 3164 Audassuog
930 3115 1032 3151 vorans.
1051 3125 1055 3138 =
1183 3129 1206 3182 ρ

141 3163 250 3229 socimt
272 3163 445 3226 geschrioben.
481 3163 535 3217 Nec
553 3167 604 3216 und
624 3181 656 3216 rao
746 3166 869 3230 Quocirca
889 3171 951 3220 dana
964 3170 1135 3238 praecipitant.
1169 3169 1215 3222 Dic

149 3231 259 3282 konntan
271 3230 348 3282 loicht
360 3233 506 3284 vertansclt
516 3235 628 3284 werdon.
673 3270 676 3276 ι
710 3235 765 3285 hier
780 3223 907 3300 segolena
924 3236 1055 3300 einecitigc
1072 3235 1217 3290 Vorsehriit

183 3300 302 3364 cao'uapoo
312 3300 655 3368 temponssrfinjedemltalle,
710 3304 755 3353 des
775 3303 901 3356 Handoloa
925 3304 960 3356 iet
983 3304 1052 3355 nieht
1074 3306 1113 3357 die
1133 3305 1216 3357 lehre
1290 3331 1297 3336 ·

149 3365 172 3430 5.
185 3365 226 3417 31.
240 3365 282 3416 39.
295 3367 337 3418 51.
353 3368 408 3419 159.
711 3371 782 3422 einer
806 3369 1076 3439 Philosophonaehnle‚
1107 3374 1216 3425 scudem

181 3433 223 3484 ao.
250 3433 299 3486 Est
316 3438 383 3486 enim
398 3435 443 3504 dp'f
494 3439 526 3488 ’.·
550 3437 656 3488 odmlioh
711 3439 767 3488 eine
780 3439 970 3492 imitandades
983 3441 1216 3496 rdmiachonVolks

146 3502 428 3623 gietgegaddgnsmodbzttllize
446 3519 469 3566 c,
482 3505 530 3586 orie
543 3505 655 3624 deP'Shattz
710 3504 815 3627 lTebznde
836 3507 963 3627 Sgffi
986 3507 1055 3630 Pii}J
1072 3509 1215 3594 ?9·.·¹’.¹⁸

502 3589 604 3624 saoso
621 3589 655 3625 r.
733 3589 751 3625 u
772 3591 805 3626 us
1203 3605 1216 3618 ·

146 3636 224 3689 Enim
236 3637 327 3706 koiipit
337 3589 393 3690 alqso
405 3588 501 3692 affl
510 3637 662 3692 Zwieelrenss
709 3659 757 3708 qne
763 3591 937 3712 precipicoptunc
947 3589 1214 3714 maumam

147 3711 216 3771 sate,
233 3708 287 3757 πίει·
295 3712 397 3758 cosnmt
409 3711 463 3776 ipsi
473 3709 545 3762 coldo
556 3711 654 3762 omati-
709 3711 820 3832 οσπέόιὶὶ
828 3714 917 3782 ipsum
927 3716 1046 3767 rescribe.

146 3773 473 3894 Μὲἠὲἧισνεειᾶοαξιῗίυῐ.
485 3842 504 3906 1,
519 3844 542 3910 1,
555 3845 587 3896 25
609 3847 656 3900 do·
710 3770 1215 3916 tmiwiraginfflgtfflaffizgornffloffi

147 3905 191 3959 md
207 3925 279 3962 aum:
296 3911 404 3962 dommo·
421 3907 487 3962 nita
501 3927 519 3963 a
533 3928 575 3964 me
594 3914 655 3966 dta-
710 3916 776 3968 deno
800 3917 840 3968 die
865 3915 1026 3971 Grundatitac
1053 3919 1154 3973 blaihan
1174 3921 1214 3973 dic
