2718 4484
517 283 628 340 mum.
648 283 835 341 ,caumes
880 305 888 312 -
1141 280 1203 346 111

144 443 260 507 honum
279 441 477 520 inuoluptate
495 449 658 519 posuerunt
677 441 869 520 virtutemque
889 435 1065 502 censuerunt
1083 439 1120 502 oh
1141 453 1204 502 eam

142 547 209 591 rem
224 547 292 590 esse
304 525 486 598 laudandam,
502 528 582 606 quod
596 526 725 590 efficiens
739 533 817 588 osset
830 525 994 605 voluptatis.
1024 524 1137 599 Quibus
1149 525 1206 606 oh7

144 613 248 678 soletis
268 613 353 675 lloret
366 611 526 692 Epicurus,
546 611 676 674 eiusdem
695 614 756 674 lere
776 611 891 673 adiutor
910 617 1069 690 auctorque
1084 617 1203 672 senten-

137 700 211 760 tiae.
225 741 227 745 s
241 697 313 776 Cum
333 696 380 758 his
382 696 464 776 ,viris
480 697 635 776 equisque,
656 705 689 758 ut
703 697 821 770 dicitur,
842 696 867 758 si
881 697 1067 757 honestatem
1081 695 1156 756 tueri
1171 715 1204 757 ac

142 783 273 846 retinere
287 781 430 844 sententia
450 789 507 855 est,
523 783 728 844 decertandum
745 789 798 844 est.
826 781 900 842 Nam
920 781 944 843 si
960 799 1023 842 non
1038 780 1129 842 modo
1144 779 1204 843 uti·
1226 793 1272 844 111

143 869 296 943 litas‚‘sed
311 853 368 928 vita
387 867 483 928 omnis
503 867 586 928 beata
607 868 740 947 corporis
760 868 843 928 firma
859 866 1068 928 constitutione
1082 865 1205 946 eiusque

144 952 364 1017 constitutionis
387 971 439 1032 spe
455 953 615 1032 explorata,
633 960 667 1015 ut
681 972 697 1013 a
711 953 878 1014 Metrodoro
895 951 1112 1030 scriptumest,
1131 970 1204 1012 oon-

143 1040 266 1112 unetos·
282 1045 357 1099 certe
372 1038 445 1098 haec
458 1037 564 1100 utilitas
580 1037 740 1118 etquidem
756 1055 872 1099 summa
886 1069 927 1082 -
942 1036 985 1098 sic
996 1035 1072 1098 enim
1086 1043 1206 1098 censent

144 1159 188 1170 -·
203 1143 270 1187 cum
290 1125 444 1187 honestate
460 1123 609 1202 pugnabit.
638 1123 713 1184 Nam
727 1123 778 1184 uhi
792 1122 922 1202 primum
937 1121 1107 1201 prudentiae
1122 1122 1204 1184 locus

144 1206 351 1282 dabitur?,an,
366 1215 398 1268 ut
413 1208 566 1288 conquirat
580 1208 714 1288 undique,
725 1204 900 1271 suavitates?
931 1207 1026 1281 Quam
1041 1207 1131 1269 miser
1144 1209 1203 1268 rir-

144 1295 216 1356 tutis
242 1294 396 1356 famulatus
417 1293 568 1354 servientis
587 1292 756 1373 voluptatil
781 1293 868 1367 Quod
887 1299 953 1352 aute
994 1310 1112 1374 ,munus
1131 1311 1204 1372 pru-

145 1376 282 1446 dentiae?
301 1398 339 1440 an
359 1379 454 1457 legere
472 1378 669 1459 intellegenter
687 1375 872 1458 voluptates?
900 1365 976 1439 litiov
996 1376 1048 1438 ihil
1067 1377 1125 1438 isto
1140 1397 1206 1438 esse

144 1465 316 1539 iucundius,
343 1463 410 1544 quid
438 1463 556 1543 cogitari
582 1472 681 1544 potest
707 1461 845 1544 turpius?
894 1463 969 1535 lam,
997 1462 1046 1542 qui
1072 1462 1205 1524 dolorem

145 1569 296 1612 summum
315 1547 533 1622 malumdicat,
554 1549 630 1630 apud
650 1568 716 1611 eum
738 1567 824 1628 quem
839 1547 927 1608 hahet
939 1548 1038 1608 locum
1054 1547 1203 1620 fortitudo,

144 1653 219 1717 quae
251 1642 296 1698 est
322 1634 459 1697 dolorum
486 1634 677 1715 laborumque
704 1631 905 1714 contemptio?
960 1631 1099 1706 Quamvis
1127 1632 1205 1694 enim
1275 1672 1277 1681 ι

145 1720 245 1783 multis
261 1720 334 1784 locis
349 1719 425 1782 dicut
439 1719 598 1799 Epicurus,
619 1719 703 1782 sicuti
724 1719 805 1793 dicit,
828 1719 898 1782 satis
914 1717 1027 1781 sortiter
1043 1719 1079 1779 de
1094 1719 1203 1792 dolore,

144 1817 243 1868 tamen
262 1824 324 1868 non
342 1805 372 1866 id
392 1806 584 1885 spectandum
605 1814 650 1868 est
669 1805 738 1884 quid
758 1805 847 1878 dicat,
872 1804 924 1866 sed
950 1803 1019 1884 quid
1047 1811 1221 1892 consents,
1321 1827 1329 1842 ·

145 1911 235 1954 neum
251 1891 289 1952 sit
303 1891 328 1951 ei
342 1891 446 1965 dicere,
462 1891 511 1969 qui
526 1890 604 1952 bona
619 1890 766 1972 voluptate
780 1889 984 1962 terminaverit
999 1889 1074 1950 mala
1090 1888 1204 1950 dolore:

145 1986 184 2051 ut,
201 1977 226 2037 si
237 1975 318 2038 illum
331 1976 446 2036 audiam
458 1977 494 2036 de
506 1976 683 2037 continentia
695 1985 724 2038 et
735 1963 934 2056 temperantia,
951 1974 1019 2035 dicit
1029 1973 1074 2034 ille
1086 1973 1204 2054 quidem
1266 2030 1270 2034 .

145 2062 236 2125 multa
256 2061 354 2123 multis
374 2061 460 2134 locis,
481 2062 531 2122 sed
548 2081 622 2144 aqua
638 2062 750 2134 haeret,
771 2069 803 2122 ut
824 2060 912 2122 munt.
942 2059 1017 2122 Nam
1038 2059 1088 2139 qui
1107 2067 1206 2140 potest
1266 2103 1267 2108 η

181 2248 307 2318 Epicurus
320 2248 502 2315 eiusdemsere
512 2253 558 2300 oet.
571 2249 647 2300 Beide
702 2255 762 2312 long
773 2248 824 2296 und
834 2247 991 2310 Anshildung
1002 2247 1047 2298 der
1055 2244 1137 2296 Lehre
1150 2246 1204 2296 hei-

146 2317 259 2368 hommen
272 2318 297 2366 in
310 2317 365 2367 dem
375 2317 450 2368 Satze
463 2316 576 2381 iiberein,
589 2318 647 2368 dass
702 2323 836 2381 getregen,
854 2316 966 2366 weshalb
979 2330 1007 2364 er
1019 2315 1049 2364 de
1062 2313 1104 2364 fin.
1118 2311 1148 2377 ll,
1161 2312 1203 2378 28,

146 2386 193 2436 der
211 2386 303 2436 Wcrth
321 2386 367 2434 der
383 2384 487 2448 Tugend
508 2401 555 2435 uur
576 2385 648 2436 dario
702 2384 734 2434 92
756 2383 822 2434 alter
840 2399 921 2452 paene
941 2383 1069 2452 Epicurus
1093 2388 1204 2446 genennt

146 2453 268 2518 beaune,
282 2455 340 2503 dass
359 2453 396 2502 sie
413 2453 454 2503 die
465 2452 529 2504 Lust
541 2455 647 2504 hervor-
692 2453 773 2502 'wird
800 2451 923 2502 Dersolbe
934 2451 1078 2502 Grundsatz
1090 2450 1137 2500 wie
1150 2449 1204 2500 hier

146 2521 215 2582 rufe,
236 2521 356 2573 wiihrend
377 2519 438 2572 aber
455 2521 516 2570 nach
534 2521 647 2590 Aristipp
702 2520 766 2571 wird
783 2520 832 2569 ihm
848 2521 911 2570 auch
928 2535 977 2570 von
995 2518 1110 2568 Clemens
1128 2516 1202 2568 Alex.
1242 2514 1245 2518 ’

146 2591 185 2640 die
198 2589 363 2672 Empfindung
380 2589 426 2638 der
442 2589 573 2640 einzelnen
585 2590 649 2642 Lusi
703 2595 790 2638 strom.
808 2586 830 2637 ll
846 2604 869 2654 p.
882 2587 962 2638 '4170
978 2587 1118 2652 heigelegt:
1137 2587 1203 2650 Mu·

144 2653 248 2723 (qdovq
282 2650 416 2722 κινητική,
457 2652 646 2726 μονόχρονος)
702 2651 856 2726 τρόδωρος,
872 2649 1205 2738 Ἀγαθόνμρησιῑψύχῆς

146 2727 191 2778 dus
204 2727 307 2777 hdchste
321 2725 376 2775 Ziel
391 2724 477 2786 (τέλος
486 2740 506 2774 s.
516 2725 592 2788 Eiul.)
606 2728 648 2790 ist,
702 2729 731 2776 τί
741 2717 807 2776 ἄλλο
821 2719 837 2788 ἢ
850 2719 882 2773 τὸ
896 2718 997 2794 σαρκὸς
1010 2721 1143 2779 sudvodis
1154 2737 1204 2774 κα-

146 2794 180 2844 ist
196 2809 224 2844 es
241 2795 303 2844 nach
321 2792 417 2859 Epikur
434 2793 474 2842 die
493 2794 584 2856 stetige
598 2793 647 2846 Ge·
702 2788 786 2856 τάστη
812 2809 829 2842 α
846 2792 893 2842 καὶ
909 2789 940 2842 τὸ
957 2791 1022 2860 περὶ
1039 2786 1138 2854 ταύτης
1155 2806 1203 2840 πι-

95 2901 99 2910 ,
145 2855 477 2940 miithsruhe·(o'ercepe5ta),
489 2860 529 2910 die
542 2861 590 2910 wir
600 2878 648 2914 uns
703 2855 770 2912 στὸν
796 2860 916 2930 inceptu.

146 2930 222 2980 durch
240 2929 356 2980 Einsioht
378 2945 402 2978 ru
425 2929 472 2978 den
489 2928 582 2979 Wcrth
603 2931 649 2980 der
736 2927 804 2992 illam
815 2930 860 2979 udi
869 2932 983 2996 pruritum
996 2933 1042 2980 cet.
1066 2928 1111 2978 Die
1124 2926 1203 2977 Stelle

144 2997 226 3061 Dioge
244 2998 294 3049 und
308 2996 435 3060 Ahwiigen
453 2997 499 3046 der
515 2996 648 3054 oineelnen
702 2999 737 3048 ist
752 2998 820 3046 nicht
838 3001 885 3046 rtur
906 2997 1038 3048 stilisllsch
1058 2997 1117 3046 sehr
1138 2995 1205 3046 hreit

145 3063 262 3116 Geniisse
272 3073 347 3118 uuter
356 3065 645 3130 einanderverschull'en,
703 3067 775 3128 (deun
787 3063 831 3114 aul
840 3067 885 3116 uhi
895 3066 964 3118 locor
976 3067 1025 3115 und
1039 3064 1111 3128 Quod
1117 3068 1204 3115 eutem

146 3134 234 3184 sodass
247 3134 296 3184 wir
312 3134 373 3184 euch
391 3133 462 3182 einen
473 3132 591 3184 Schmerz
603 3133 649 3186 auf
701 3149 796 3184 caunos
814 3133 895 3183 luctet
909 3135 949 3184 die
968 3131 1086 3184 Antwori
1103 3133 1203 3196 gleich),

144 3216 193 3251 uns
217 3202 335 3264 nehmen,
364 3215 436 3253 wenn
460 3201 509 3250 wir
537 3202 646 3254 dadureh
701 3203 1034 3265 sondernauchungerccht
1050 3199 1203 3267 gegenhlpi-

145 3269 202 3320 eine
223 3273 340 3334 grdssere
361 3268 426 3318 Lust
447 3267 575 3329 erkanien.
610 3270 647 3322 Er
700 3267 1204 3334 kurgeschrielten,derderlilugheitwol

145 3338 227 3388 lehrte
246 3337 301 3388 dem
316 3338 511 3402 entsprecheud,
533 3338 591 3388 dass
607 3338 646 3390 die
701 3339 756 3390 eine
768 3339 845 3388 andre
855 3337 966 3402 tulgane
977 3354 1008 3388 zu
1017 3338 1109 3388 stellen
1118 3338 1203 3400 weiss,

145 3405 268 3470 geistigen
282 3403 395 3456 Geniisse
412 3406 491 3456 hliher
508 3408 595 3457 stehen
607 3407 647 3458 als
702 3406 732 3457 de
746 3407 787 3457 llo.
800 3405 819 3468 l,
835 3405 874 3470 13,
887 3405 920 3456 43
936 3408 1063 3476 sapientia
1078 3409 1120 3456 eet
1135 3407 1204 3456 cutm

146 3474 186 3525 die
202 3473 390 3542 kdrperlichen,
407 3475 457 3524 und
473 3473 597 3537 gliiokliou
615 3490 647 3524 zu
701 3491 760 3540 uno,
773 3491 837 3541 quae
848 3477 1004 3526 maestitiam
1011 3475 1091 3542 pellet
1102 3489 1137 3524 ea¹
1147 3474 1202 3524 erri-
1283 3477 1284 3484 ’

146 3543 200 3594 sein
217 3543 243 3592 iu
260 3543 306 3592 der
322 3542 411 3605 cigneo
423 3540 507 3592 Mecht
520 3543 564 3594 des
576 3541 647 3594 lien-
701 3545 762 3609 mis,
784 3557 849 3610 quae
863 3559 911 3594 coa
928 3544 1111 3594 cohorrercere
1133 3545 1204 3593 motu

145 3610 222 3680 scheri
235 3610 309 3674 liege.
701 3627 753 3662 non
765 3614 841 3673 meat,
854 3627 903 3678 quc
913 3613 1087 3680 praeceptrice
1094 3612 1121 3660 iu
1131 3614 1203 3662 tran-

144 3675 590 3810 ltftttttttlliltn,
603 3748 648 3798 aa
702 3679 1202 3799 ltlttttttthttttml·

133 3813 382 3878 ‘Liehlingssehiiler
408 3813 530 3883 Ephyres,
561 3816 606 3865 der
632 3816 646 3866 Ί
736 3815 765 3865 id
784 3815 950 3884 spectandum
967 3819 1017 3878 est,
1043 3813 1104 3881 quid
1124 3813 1203 3866 dicat:

147 3883 222 3935 Jahre
239 3881 328 3935 lriiher
343 3881 381 3932 ala
398 3881 493 3946 Eplkur
514 3883 594 3934 starh.
622 3882 649 3933 lu
719 3919 725 3934 .
743 3883 793 3934 dic.
815 3884 850 3934 ist
866 3885 1013 3950 Epexegese
1031 3899 1064 3932 zu
1075 3882 1129 3942 id.,·
1145 3898 1165 3934 s.
1180 3899 1201 3934 z.

145 3951 229 4002 violer
243 3949 655 4008 Soli-iitenhuterzurVerlrrei-¹
703 3899 730 4020 ζ
745 3949 801 4004 112.
1198 3947 1202 3954 '
