2774 4482
85 131 340 228 adtrectans-1¹⁴¹
364 129 668 218 contensarlcncw
694 171 732 202 ‘³¹¹
753 179 795 206 1¹¹
825 176 849 193 ‘'
887 177 917 200 “t
944 153 969 194 *y*
1004 173 1024 202 ¹²
1056 177 1088 206 ἰ
1123 160 1162 192 ””
1215 159 1239 194 ”
1259 171 1293 192 ””

123 229 130 246 l

522 265 582 320 urs.
595 265 613 318 1.
641 251 711 318 aar.
728 265 768 318 oo.
784 266 823 318 11.
1164 269 1205 332 45

140 440 227 484 mum
241 421 288 482 ius
304 439 420 481 summa
434 412 548 482 iniuria'
562 421 672 482 lactum
687 427 732 482 est
746 420 805 482 iam
819 421 921 482 tritum
933 439 1072 483 sermone
1082 440 1206 503 prover-

141 507 233 568 bium.
266 506 334 580 Quo
354 506 384 566 in
404 524 509 584 genere
528 505 615 568 etiarn
635 505 666 566 in
686 504 853 584 republica
872 506 962 567 murlta
981 515 1153 586 peccantur,
1172 515 1207 570 ut
1271 529 1273 534 ·

140 592 201 668 ille,
221 590 286 671 qui,
308 607 374 652 cunr
395 591 513 669 triginta
533 591 647 652 dierum
663 599 761 652 essent
776 607 844 652 cum
859 590 944 651 hoste
959 591 1091 653 induciae
1106 594 1205 667 laetae,

139 683 232 738 noctu
246 675 443 756 populabatur
458 693 561 754 agros,
582 675 661 755 quod
677 674 792 737 dierum
807 684 906 736 essent
919 683 1032 754 pactae,
1051 693 1114 737 non
1129 695 1204 739 noc-

140 763 217 824 tium
236 759 379 821 induciae.
413 761 455 821 Ne
474 767 577 822 noster
595 760 713 840 quidem
732 758 918 840 probandus,
939 759 964 821 si
984 779 1086 823 verum
1106 770 1151 824 est
1168 763 1203 836 Q.

140 846 264 908 Fabium
278 843 446 907 Labeonem
467 865 520 907 seu
535 865 623 926 quern
638 845 726 906 aliurn
742 881 782 890 -
797 845 870 906 nihil
884 845 964 906 enim
978 845 1071 908 habeo
1088 854 1205 926 praeter

140 930 273 993 auditum
288 965 331 976 —
345 929 487 992 arbitrum
502 930 624 991 Nolanis
639 939 668 991 et
681 929 879 1009 Neapolitanis
894 930 930 990 de
945 929 1053 992 tinibus
1068 950 1085 992 a
1101 940 1205 994 senatu

141 1017 256 1088 datum,
273 1014 388 1076 eumad
404 1015 655 1090 locumvenisset,
672 1033 740 1076 cum
752 1015 886 1095 utrisque
896 1015 1053 1095 separatim
1064 1015 1204 1092 locutum,

140 1119 179 1162 ne
205 1100 310 1181 cupide
328 1101 398 1181 quid
417 1109 549 1180 agerent,
574 1119 613 1165 ne
633 1107 804 1182 appetenter
823 1108 909 1181 atque
928 1109 962 1162 ut
980 1101 1094 1180 regredi
1114 1119 1204 1181 quarn

140 1185 280 1266 progredi
302 1186 428 1247 mallent.
459 1187 491 1246 ld
511 1202 577 1248 cum
596 1187 712 1266 utrique
731 1186 884 1259 fecissent,
904 1185 1082 1265 aliquantum
1098 1188 1160 1266 agri
1174 1187 1204 1249 in

139 1271 240 1332 medio
261 1271 393 1332 relictum
413 1278 466 1332 est.
500 1271 600 1351 Itaque
620 1272 736 1333 illorum
757 1271 831 1332 lines
853 1271 908 1343 sic,
930 1279 964 1332 nt
982 1271 1039 1352 ipsi
1060 1271 1202 1346 dixerant,

137 1355 321 1417 terminavit:
342 1355 372 1416 in
392 1356 490 1416 medio
510 1357 644 1418 relietum
661 1357 818 1436 quoderat
838 1357 949 1436 populo
963 1357 1099 1417 Romano
1119 1357 1202 1419 adiu·

140 1440 254 1501 dicavit.
289 1441 427 1520 Decipere
446 1441 504 1501 hoc
523 1441 643 1521 quidem
662 1451 721 1514 est,
745 1457 808 1502 nnn
833 1440 970 1503 iudicare.
1006 1442 1151 1514 Quocirca
1170 1441 1202 1503 in

140 1526 222 1586 omni
237 1545 269 1586 re
284 1525 419 1604 fugienda
435 1533 480 1586 est
496 1526 559 1586 talis
575 1526 712 1587 sollertia.
777 1569 780 1574 ·

226 1611 302 1672 Sunt
317 1619 414 1671 autern
436 1611 579 1690 quaedam
600 1609 695 1672 officia
714 1609 801 1685 etiam
817 1609 963 1671 adversus'
976 1629 1028 1670 eos
1048 1610 1199 1684 servanda,
1214 1614 1254 1674 11

137 1696 281 1775 aquibus
301 1695 439 1756 iniuriam
458 1696 616 1774 acceperis
651 1696 703 1756 Est
725 1695 803 1756 enim
827 1694 987 1756 ulciscendi
1006 1701 1034 1755 et
1058 1695 1200 1774 puniendi

137 1781 260 1854 moduS,
275 1787 362 1860 atque
377 1779 532 1848 haudscio
548 1799 584 1842 an
601 1780 671 1840 satis
687 1780 726 1840 sit
740 1798 820 1851 eum,
838 1779 887 1858 qni
901 1778 1066 1852 lacessierit,
1081 1779 1203 1842 iniuriae

135 1882 209 1925 suae
224 1866 388 1944 poenitere,
408 1874 441 1928 ut
455 1875 484 1926 et
498 1865 562 1945 ipse
577 1885 614 1926 ne
633 1865 703 1944 quid
719 1865 774 1924 tale
789 1865 915 1943 posthac
934 1870 962 1923 et
982 1863 1069 1925 ceteri
1088 1864 1147 1926 sint
1165 1867 1203 1927 ad

136 1949 277 2010 iniuriam
304 1950 455 2012 tardiores.
491 1954 583 2030 Atque
603 1951 686 2011 inre
711 1949 825 2028 publica
850 1949 976 2009 maxime
1002 1951 1202 2013 conservanda
1219 1960 1253 2011 34

137 2042 210 2096 sunt
229 2035 293 2096 iura
311 2035 386 2096 belli.
421 2035 495 2097 Nam
520 2055 587 2097 enm
612 2035 671 2096 sint
691 2036 750 2095 duo
772 2052 878 2111 genera
903 2035 1082 2108 decertandi,
1107 2054 1201 2097 unum

136 2138 192 2198 per
212 2120 467 2198 disceptationem,
493 2119 617 2182 alterum
641 2138 694 2200 per
714 2119 786 2192 vim,
812 2136 937 2198 eumque
955 2118 1024 2180 illud
1045 2120 1201 2200 proprium

138 2203 177 2264 sit
191 2204 332 2277 hominis
348 2205 405 2265 hoc
419 2205 579 2280 beluarum,
596 2204 825 2282 confugiendum
837 2215 881 2264 est
893 2203 929 2264 ad
941 2205 1101 2283 posterius,
1119 2205 1144 2266 si
1159 2205 1202 2266 uti

119 2307 203 2354 ,non
222 2289 289 2349 licet
310 2289 469 2368 superiore.
501 2291 563 2364 Qua
584 2308 616 2350 re
635 2289 821 2370 suscipienda
841 2289 959 2368 quidem
980 2289 1054 2350 bella
1073 2297 1143 2350 suunt
1162 2290 1200 2350 ob
1220 2301 1252 2350 35

139 2391 208 2432 eam
224 2390 350 2444 causam,
364 2381 398 2432 ut
413 2373 475 2433 sine
490 2375 594 2435 iniuria
608 2374 638 2434 in
653 2393 725 2453 pace
740 2375 860 2446 vivatur,
878 2381 959 2452 parta
971 2382 1068 2434 autem
1082 2373 1203 2436 victoria

141 2455 336 2515 conservandi
351 2456 382 2528 ii,
399 2457 447 2535 qui
462 2474 524 2516 non
539 2459 671 2520 crudeles
686 2459 716 2519 in
731 2458 823 2531 bello,
839 2476 899 2518 non
915 2457 1058 2520 immanes
1075 2461 1202 2533 luerunt,

139 2547 172 2602 ut
188 2539 317 2600 maiores
332 2541 427 2602 nostri
444 2542 638 2618 Tusculanos,
653 2545 779 2624 Aequos,
796 2543 927 2617 Volscos,
943 2543 1078 2618 Sabinos,
1094 2544 1202 2606 Herni-

89 2769 94 2774 '
171 2759 220 2812 itte.
239 2759 358 2814 Plutarch
378 2763 494 2830 apopbtb.
507 2763 599 2814 Lacon.
618 2779 642 2830 p.
733 2753 785 2813 11·
811 2766 875 2813 satis
891 2766 927 2813 sit
941 2765 1128 2814 intumescas
1142 2750 1204 2833 poe·

136 2827 187 2877 223
200 2828 300 2877 erzilhlt
315 2845 364 2879 von
381 2831 436 2880 dena
455 2831 642 2896 spartanischen
696 2835 791 2882 nitere:
810 2831 886 2881 damlt
898 2831 932 2880 ist
943 2831 1202 2896 dieBestralungwe-

136 2893 232 2959 litinige
245 2893 404 2964 Rreommes,
423 2900 481 2948 dass
494 2899 580 2950 eraut
590 2899 643 2948 sol·
698 2901 812 2963 nigstens
829 2899 1133 2964 nicht‘ausgeseblosseu‚
1155 2917 1204 2952 aur
1252 2924 1262 2936 ·

137 2965 182 3013 che
205 2963 295 3013 Weisc
321 2965 361 3014 die
385 2965 494 3030 Argiver
518 2968 642 3017 tiiuschte.
697 2968 736 3017 als
747 2967 846 3034 Prineip
859 2968 992 3018 darselben
1008 2969 1048 3018 die
1061 2968 1203 3034 Bessernng

137 3031 288 3081 llebnllehes
305 3032 420 3098 Ephorus
438 3035 478 3084 bei
497 3035 588 3085 Strabo
607 3033 644 3085 lX
697 3036 746 3086 und
759 3036 799 3085 die
812 3035 1007 3100 Abscbrecknng
1019 3035 1201 3092 Andereranl-

128 3099 216 3164 pant
230 3115 279 3148 von
292 3097 339 3149 den
346 3099 485 3164 Thralrern,
503 3104 591 3154 woher
603 3102 643 3152 dic
692 3103 809 3166 gestellt.
829 3103 928 3154 Ebenso
942 3105 1038 3154 Seneca
1050 3105 1081 3154 de
1094 3104 1165 3155 clem.
1179 3107 1201 3171 5,

137 3165 278 3218 Redensart
306 3169 351 3217 der
379 3167 502 3219 Griechen
534 3171 642 3238 Θρᾳκία
696 3171 741 3220 22ι
763 3170 899 3221 dieStrale
917 3173 954 3223 sei
971 3171 1097 3223 bestimmt
1116 3179 1204 3225 aetat

140 3230 642 3370 '‘“riiliiilbliiillfflillle..
695 3243 955 3374 ttttuttttttt
969 3239 1219 3362 ttttttttttt‘·

486 3343 493 3368 ‚
788 3341 789 3344 ,
832 3343 836 3354 .
893 3345 894 3350 ,

137 3373 191 3434 est,
218 3370 246 3432 Q.
271 3371 381 3423 Fabium
403 3372 554 3423 labeonem.
591 3374 642 3423 Der
695 3349 1203 3430 anatotsarlalulismab'aectara'aecu1

136 3437 228 3487 zweite
253 3437 326 3489 'lheil
350 3441 394 3490 des
415 3441 584 3506 Hauptsatzes
608 3441 642 3490 ist
695 3444 777 3492 riores
788 3444 882 3492 cerunt.

134 3507 212 3555 durch
222 3491 451 3558 elnehlmkolutbie
463 3510 511 3559 v'on
522 3509 575 3558 dem
585 3525 643 3574 pnr—
730 3509 772 3557 35.
800 3508 963 3575 Tusculanos,
983 3510 1032 3560 373
1047 3512 1123 3578 (381).
1146 3515 1207 3566 le:

135 3574 277 3624 enthetiscb
291 3576 504 3639 eingeschobenen
519 3579 543 3626 si
553 3592 642 3628 cerum
696 3576 737 3640 Vl,
750 3575 790 3626 26.
810 3575 874 3639 Vlll,
890 3579 928 3628 14.

134 3645 176 3692 est
196 3643 321 3708 abbiingig
344 3647 465 3707 gemacht.
502 3644 642 3708 Eigentlieh
730 3647 848 3712 Aequos:
871 3647 926 3697 Liv.
950 3645 1000 3712 lX,
1018 3649 1050 3698 45
1074 3666 1154 3700 renum
1178 3657 1204 3702 et

135 3709 280 3760 wollteCie.
294 3711 433 3762 lortlahren
444 3712 593 3780 probandus
604 3717 644 3763 est
696 3713 869 3780 quadraginta
879 3715 973 3784 oppida
983 3718 1153 3785 oppugnando
1162 3735 1202 3769 ce-

134 3776 234 3836 Lubeo,·
252 3793 272 3828 s.
286 3796 308 3828 z.
327 3778 351 3845 ξ.
366 3779 407 3829 22.
433 3779 530 3843 Labeo,
549 3780 643 3832 Consul
694 3788 799 3850 perant,
813 3799 922 3850 quornm
930 3785 1052 3851 ploraque
1064 3785 1152 3838 diruta
1163 3794 1203 3839 at·

135 3845 182 3894 bil
196 3845 275 3910 (183),
285 3847 349 3897 wird
360 3848 430 3897 Brut.
440 3847 518 3909 21,ssl
532 3850 594 3899 auch
603 3849 641 3900 als
696 3867 745 3915 qne
761 3854 876 3916 irecense,
894 3867 1034 3919 omoeoque
1051 3856 1202 3922 Aequorum

136 3911 236 3964 liedner
248 3923 366 3978 genennt.
694 3933 776 3987 prope
802 3919 838 3970 ad
862 3923 1058 3973 internecionem
1082 3923 1200 3976 deletam.
