2774 4482
542 273 601 326 nra.
614 273 639 334 1„
659 273 730 326 cnr.
744 275 841 326 uua.
1154 333 1155 336 Ν
1190 281 1243 348 99,
1342 275 1345 320 t

168 447 236 491 rum
253 447 373 508 operae,
393 447 455 490 non
475 447 602 509 quorum
623 439 699 493 artes
720 427 871 494 emuntur:
891 441 937 494 est
951 433 1031 494 enim
1050 431 1081 493 in
1096 431 1151 494 illis
1166 433 1231 512 ipsa

168 531 281 582 merces
306 523 558 576 auctoramentum
582 515 740 578 servitutis.
776 516 893 578 Sordidi
917 517 1005 578 etiam
1030 518 1154 597 putandi
1179 517 1230 596 qui
1284 521 1288 534 '

168 607 339 661 mereantur
353 619 368 660 a
384 599 593 662 mercatoribus
610 603 692 681 quod
707 601 805 662 statim
820 603 961 664 vendant:
977 602 1049 665 nihil
1064 603 1143 664 enim
1157 621 1231 680 pro-

168 685 281 758 ficiant,
300 683 358 745 nisi
373 684 533 747 admodum
553 684 744 760 mentiantur,
766 705 821 748 nec
840 706 912 748 vero
927 695 972 748 est
990 687 1146 768 qaaiequam
1164 697 1230 748 tur·

167 770 235 850 pius
251 768 383 830 vanitate.
414 769 599 849 Opificesque
614 789 719 841 omnes
734 772 766 832 in
782 771 901 834 sordida
916 781 977 834 arte
990 776 1231 836 versantur:'nee

168 853 246 918 enim
261 855 416 934 quicquam
432 855 593 932 ingenuum
608 856 716 919 habere
728 863 828 939 potest
843 857 967 919 officina.
993 856 1168 936 Minimeque
1183 874 1230 918 ar-

167 949 211 1002 tes
227 940 282 1002 hae
296 940 478 1018 probandae,
493 945 567 1019 quae
583 940 734 1004 ministrae
749 949 819 1003 sunt
834 943 1029 1023 voluptatum,

254 1042 374 1115 Ueturii,
390 1041 478 1104 iuuit.
496 1044 751 1123 coqui,'sortdres,
765 1045 941 1124 piscatores,

168 1153 199 1205 nt
218 1145 257 1204 ait
271 1144 432 1206 Terentius.
462 1145 545 1206 Adde
564 1145 637 1217 buc,
660 1145 684 1205 si
705 1146 812 1225 placet,
833 1145 1058 1224 unguentarios,
1078 1145 1229 1206 saltatores
1355 1197 1356 1200 ,

167 1229 320 1310 totumque
335 1229 436 1290 ludum
452 1230 596 1291 tularium.
628 1229 741 1304 Quibus
757 1239 853 1292 autem
875 1229 986 1291 artibus
1006 1238 1056 1290 aut
1075 1229 1228 1309 prudentia
1251 1240 1296 1289 151
1356 1271 1357 1276 η

167 1315 263 1376 maior
277 1315 353 1374 inest
369 1324 494 1375 autnon
510 1315 666 1376 mediocris
681 1315 787 1377 utilitas
805 1315 963 1394 quaeritur,
979 1324 1012 1374 ut
1026 1314 1181 1387 medicina,
1196 1322 1229 1377 ut

169 1399 367 1471 architectura,
385 1408 416 1459 ut
427 1399 559 1461 doctrina
571 1418 671 1461 rerum
682 1401 882 1471 honestarum,
898 1419 949 1460 eae
961 1405 1030 1460 sunt
1040 1399 1085 1473 iis,
1100 1417 1227 1478 qnorum

168 1485 263 1546 ordini
275 1483 459 1556 conveniunt,
474 1486 625 1546 honestae.
651 1485 813 1546 Mercatura
826 1494 933 1558 autem,
946 1485 972 1545 si
983 1482 1080 1544 tenuis
1093 1491 1146 1556 est,
1160 1501 1228 1544 sor-

167 1570 232 1632 dida
247 1569 375 1652 putanda
396 1579 453 1630 est:
474 1571 521 1631 sin
541 1588 647 1650 magna
663 1571 839 1650 etcopiose,
859 1570 949 1632 multa
967 1569 1098 1648 undique
1117 1587 1228 1649 appor-

166 1663 232 1716 tans
247 1655 406 1735 muitisque
421 1655 485 1716 sine
499 1655 624 1716 vanitate
639 1655 821 1736 impertiens,
837 1673 898 1714 non
915 1662 960 1714 est
975 1653 1134 1714 admodum
1149 1653 1226 1713 vitn-

99 1821 102 1826 Ᾰ
166 1741 308 1820 peranda,
330 1749 416 1822 atque
431 1740 530 1814 etiarn,
547 1740 572 1800 si
594 1741 695 1801 satiata
710 1748 832 1819 quaestu
846 1739 891 1799 vel
907 1745 1043 1799 contenta
1059 1739 1172 1820 potius,
1193 1746 1227 1798 ut

85 1843 99 1864 ·
167 1845 254 1906 saepe
269 1845 303 1886 ex
319 1826 377 1887 alto
396 1826 427 1885 in
443 1835 577 1906 portum,
599 1845 633 1886 ex
653 1825 719 1906 ipso
740 1832 830 1903 portu
845 1843 878 1884 se
898 1825 928 1884 in
948 1842 1034 1901 agros
1054 1823 1225 1902 possessio-

164 1930 277 1990 nesque
298 1911 431 1983 contulit,
455 1911 569 1971 videtur
594 1911 656 1970 iure
680 1909 794 1989 optimo
820 1924 910 1988 posse
932 1909 1051 1970 laudari.
1085 1908 1226 1970 Omnium

166 2005 262 2058 autem
277 2014 391 2068 rerum,
414 2015 448 2056 ex
464 1994 569 2075 quibus
586 1994 694 2074 aliquid
709 1993 877 2074 acquiritur,
895 1993 966 2055 nihil
981 2001 1025 2054 est
1039 1993 1100 2071 agri
1115 1994 1227 2054 cultura

164 2081 283 2153 melius,
299 2080 372 2142 nihil
387 2079 520 2151 uberius,
535 2079 608 2140 nihil
622 2080 747 2151 dulcius,
767 2078 839 2140 nihil
854 2078 978 2139 homine
993 2078 1084 2138 libero
1101 2077 1226 2158 dignius,

166 2167 202 2227 de
217 2185 273 2244 qua
288 2166 427 2244 quoniam
446 2165 477 2224 in
499 2165 623 2236 ,Catone
638 2164 761 2226 maiore‘
783 2162 854 2225 satis
875 2163 965 2224 multa
988 2161 1129 2236 diximus,
1149 2161 1228 2224 illinc

164 2268 300 2310 assumes
315 2267 389 2328 quae
404 2250 438 2308 ad
455 2249 534 2309 hune
547 2249 643 2310 locum
660 2247 855 2329 pertinebunt.

164 2483 283 2534 wiibnteu
297 2483 398 2551 opffiees
410 2483 667 2546 mitein,uberancb
723 2486 796 2536 redet
820 2501 867 2536 nur
894 2501 942 2535 von
968 2485 1023 2534 dem
1047 2483 1227 2535 Gelderwerbe

163 2568 186 2602 z.
199 2551 227 2602 B.
241 2551 281 2600 die
293 2549 434 2616 Scbreiber,
446 2553 553 2602 scribae.
723 2554 800 2604 dnrtb
811 2553 880 2604 disse
893 2551 998 2616 Ridete,
1012 2553 1058 2602 der
1069 2553 1116 2602 der
1128 2551 1226 2602 Wiirde

196 2623 242 2688 qui
250 2621 400 2670 remeantur
411 2623 458 2670 cet.
478 2619 609 2688 propolae,
621 2614 669 2670 aui-
722 2622 768 2672 der
780 2621 918 2671 senatorer
935 2620 985 2670 und
1001 2619 1085 2669 Ritter
1097 2619 1165 2669 nieht
1179 2633 1227 2669 an-

161 2689 258 2754 πηλοι,
280 2688 312 2736 im
327 2685 469 2751 uegenotz
486 2691 670 2755 negotiatores,
722 2703 852 2751 gemessen
866 2702 931 2746 war3
954 2687 993 2736 die
1006 2685 1145 2738 Kenntuiss
1157 2689 1226 2738 batte

161 2754 356 2808 Grossbiindler.
721 2755 784 2805 anch
797 2753 838 2804 iiir
853 2754 889 2804 sie
907 2754 988 2804 niebts
1001 2754 1179 2818 Anstbssisem
1204 2771 1225 2806 s.

193 2826 321 2876 tumtum
333 2820 373 2885 tn,
388 2822 428 2887 14,
442 2822 483 2874 53.
719 2823 744 2888 ξ.
761 2821 803 2872 19.

197 2890 345 2944 Terentius:
369 2889 521 2955 unaucurt,
534 2891 559 2956 2,
573 2891 597 2942 6.
748 2889 1003 2942 nmaadmodumm'tu
1021 2889 1125 2942 θναηάα.
1135 2890 1227 2942 Dieser

194 2964 326 3027 totumque
337 2957 427 3010 ludum
438 2959 569 3024 Mum,
586 2959 666 3024 Alios,
720 2958 855 3010 Ausdruek
866 2959 900 3010 ist
912 2907 1034 3024 gewibit,
1046 2959 1106 3008 weil
1118 2960 1167 3009 den
1178 2958 1226 3008 Se-

159 3043 212 3080 wus
225 3044 281 3078 anm
294 3026 462 3093 Wiirielspiel
474 3029 571 3092 gebiirt
591 3027 667 3079 Niebt
720 3035 825 3078 natoren
842 3027 904 3078 uncb
916 3028 963 3077 der
975 3026 1227 3077 Grossbandeinicbt

159 3097 214 3148 btos
239 3097 286 3148 der
305 3093 459 3146 Bankbalter
480 3110 535 3145 war
552 3110 667 3165 persona
718 3095 826 3145 anamnd
846 3095 896 3144 und
920 3110 995 3158 sogor
1011 3094 1150 3158 gesetalieb
1165 3110 1226 3145 ver·

158 3167 277 3231 dumis,
304 3164 412 3214 sondern
434 3165 515 3215 sebon
531 3163 557 3214 in
578 3161 666 3214 iriiher
719 3163 796 3213 boten
808 3177 870 3212 war.
894 3161 949 3212 Liv.
963 3161 1034 3226 xxi,
1041 3160 1073 3211 63
1085 3164 1173 3228 nequeo
1185 3178 1225 3212 ae·

159 3232 217 3286 Zeit
232 3247 286 3283 war
298 3231 372 3295 jedes
389 3230 553 3298 Hazardspiel
572 3231 664 3282 verbo·
717 3235 802 3297 nator,
816 3234 887 3282 catice
894 3233 1041 3282 serratoriae
1047 3231 1227 3298 patersue'seet

158 3309 214 3363 ten
238 3301 320 3354 Plana
333 3300 384 3352 mil.
396 3300 431 3363 gi.
444 3298 472 3362 11,
482 3297 506 3361 2,
520 3299 536 3348 9
547 3304 623 3366 nique
635 3315 664 3348 α-
717 3302 875 3350 manuum
885 3314 987 3363 nauem,
1001 3315 1066 3364 quae
1077 3297 1136 3366 ptus
1148 3313 1224 3364 quern

157 3367 663 3435 decutnelegisruudemsacdmtulea-
719 3371 891 3418 trecentorum
899 3367 1085 3434 amphorarum
1097 3369 1171 3430 esset,
1180 3366 1225 3416 bu-
1272 3371 1274 3376 '

158 3441 220 3501 nito,
232 3441 390 3490 Acuarctote
405 3441 436 3487 ut
448 3439 504 3486 εἰπε
519 3434 579 3485 talia
595 3435 666 3488 dorni
719 3436 797 3486 beret.

157 3511 257 3626 &duat
275 3507 428 3558 concivium.
464 3503 532 3554 Doeh
554 3503 592 3562 ist
609 3504 662 3553 dies
752 3505 848 3553 rubeta
864 3501 926 3552 wird
943 3502 1019 3552 durch
1037 3504 1225 3552 contentarer-

197 3581 253 3626 setz
266 3576 335 3626 nicht
343 3574 430 3624 immor
438 3571 483 3622 mit
491 3571 599 3634 Strenge
608 3569 663 3620 aui·
717 3572 825 3634 bessert,
837 3569 895 3622 weil
908 3583 936 3618 cs
949 3570 996 3619 den
1006 3567 1112 3620 Erwerb
1125 3584 1156 3618 zu
1165 3569 1225 3618 sehr

157 3643 228 3694 recht
239 3643 366 3707 gebulten.
717 3641 756 3692 als
768 3639 888 3703 Begierde
902 3638 1048 3688 erscbeinen
1060 3637 1133 3687 liisst.

189 3711 330 3779 prudentio
344 3710 379 3760 ist
396 3723 444 3757 nur
455 3706 599 3772 praktiscbe
611 3706 660 3758 Er·
752 3705 927 3774 agmoume·
944 3706 984 3757 die
997 3705 1095 3768 einzige
1107 3703 1225 3754 aucbi'dr

158 3778 269 3845 februus,
282 3779 350 3830 nicbt
361 3773 602 3826 wissenscbaitliebe
614 3775 662 3824 Bc-
718 3778 758 3828 die
773 3774 1073 3826 Senatoren‘ebrenvolle
1090 3772 1224 3824 Erwerbs-

158 3847 294 3910 bandinum
308 3844 404 3911 5:156.
718 3843 811 3912 quelle.

192 3930 301 3980 qnorum
318 3913 403 3964 ordini
418 3913 577 3964 conrem‘uct.
610 3911 660 3962 Cic.
751 3916 778 3964 a'n
792 3911 1007 3964 Cntonemua'ore:
1022 3911 1153 3997 ¹.⁵²⁶¹ff·⁴
1179 3938 1183 3941 ·

987 3996 1020 4046 r*
