2788 4486
200 281 260 344 178
627 277 671 330 44
689 274 827 332 osricus

198 441 314 514 ceptum
325 441 378 496 est.
402 432 717 508 Quaeenimvidentur
728 430 818 504 utilia,
829 430 968 503 honores,
979 427 1101 504 divitiae,
1114 430 1258 509 voluptas,

199 527 294 582 cetera
314 519 427 598 generis
449 519 594 593 eiusdem,
618 519 689 580 haec
711 515 853 580 amicitiae
875 533 1036 596 numquam
1056 515 1260 594 anteponenda

199 612 277 666 sunt.
303 605 339 668 lt
353 623 447 685 neque
464 614 565 668 contra
579 622 643 666 rein
657 603 803 684 publicam
818 619 911 682 neque
926 609 1027 663 contra
1043 599 1088 662 ius
1103 599 1259 664 iurandum

199 708 233 752 ac
246 690 334 754 fidem
350 690 434 754 emisi
450 709 537 754 cansa
551 689 706 752 virbonus
721 687 813 761 144144,
828 705 866 748 ne
881 686 905 748 si
919 685 1004 748 iudex
1020 685 1138 766 quidem
1153 686 1207 748 erit
1224 687 1260 749 de

198 775 265 854 ipso
287 775 390 838 amico.
425 776 513 838 Ponit
533 774 611 838 enim
630 792 788 854 personam
812 772 911 846 amici,
938 791 1004 832 cum
1028 770 1123 834 induit
1145 771 1258 837 iudicis.

199 860 327 922 Tantum
348 860 426 923 dabit
444 860 599 933 amicitiae,
620 867 652 921 44
671 878 767 921 veram
788 857 874 920 amici
894 875 1010 920 causam
1030 875 1094 918 esse
1115 857 1208 931 malit,
1229 865 1261 919 ut

147 957 180 1006 44
201 945 328 1008 orandae
342 945 400 1007 litis
413 954 544 1026 tempus,
565 947 660 1025 quoad
673 945 813 1024 perleges
826 943 922 1016 liceat,
944 942 1154 1006 accommodet.
1187 943 1260 1006 Cum

199 1049 268 1092 vero
281 1031 376 1092 iurato
389 1031 533 1093 sententia
545 1031 665 1094 dicenda
677 1031 728 1104 sit,
743 1028 910 1090 meminerit
921 1026 1008 1090 deum
1020 1046 1053 1088 se
1064 1027 1200 1089 adhibere
1216 1037 1260 1092 te·

200 1124 286 1189 stem,
298 1117 327 1176 id
340 1125 393 1190 est,
404 1124 437 1177 ut
448 1135 502 1194 ego
518 1116 653 1189 arbitror,
669 1123 796 1177 mentem
812 1132 905 1188 suam,
922 1131 977 1192 qua
991 1113 1064 1174 nihil
1079 1112 1193 1176 homini
1208 1114 1260 1177 de-

100 1275 105 1284 ·
200 1200 242 1262 dit
256 1201 328 1262 dens
343 1201 407 1281 ipse
421 1202 556 1262 divinius.
583 1202 682 1281 ltaque
696 1200 877 1282 praeclarum
893 1219 909 1261 4
923 1198 1084 1260 maioribus
1095 1198 1261 1280 accepimus

200 1286 444 1365 moremrogandi
454 1287 569 1361 iudicio,
577 1287 601 1348 si
610 1305 676 1348 eum
688 1294 944 1359 teneremusomn
955 1302 1045 1346 44444
1056 1303 1136 1346 ripn
1148 1303 1261 1348 444444

201 1389 321 1432 444444.
344 1371 421 1433 Η444
431 1372 544 1451 rogatio
557 1373 592 1434 ad
604 1391 638 1434 44
649 1373 784 1452 pertinet,
798 1389 871 1451 quae
882 1369 977 1450 paullo
990 1378 1057 1432 ante
1067 1369 1124 1432 dixi
1136 1370 1262 1434 honeste

134 1451 136 1458 ’
201 1456 294 1518 amico
310 1476 326 1518 a
341 1456 435 1518 iudice
450 1477 541 1537 posse
556 1457 685 1520 concedi.
711 1457 796 1530 Nam,
812 1455 836 1516 'si
852 1453 951 1517 omnia
964 1455 1092 1518 facienda
1106 1454 1173 1529 sint,
1189 1476 1264 1538 qnae

201 1539 285 1603 amici
300 1541 397 1616 velint,
412 1561 473 1604 non
488 1542 629 1604 amicitiae
643 1543 721 1617 tales,
737 1542 788 1604 sed
805 1540 1022 1602 coniurationes
1036 1542 1182 1621 putandae
1194 1543 1262 1605 sint.

149 1641 180 1690 45
200 1626 321 1706 Loquor
345 1636 441 1689 autem
468 1628 504 1689 de
529 1628 734 1690 communibus
760 1626 909 1690 amicitiis:
935 1644 1004 1686 nam
1028 1625 1059 1688 in
1082 1626 1263 1706 sapientibus

201 1711 269 1772 viris
289 1713 481 1791 perlectisque
500 1713 572 1774 nihil
592 1721 692 1792 potest
711 1733 777 1774 esse
796 1713 859 1774 tale.
889 1712 1050 1774 Damonem
1069 1719 1097 1773 et
1114 1711 1263 1776 Phintiam

202 1796 402 1876 Pythagoreos
421 1799 517 1860 144444
536 1799 594 1860 444
614 1799 712 1859 animo
727 1797 803 1860 inter
823 1816 854 1858 se
874 1797 977 1871 luisse,
998 1805 1043 1869 ut,
1071 1816 1262 1860 cumeorum

202 1881 283 1942 414441
297 1881 455 1962 Dionysius
481 1889 622 1963 tyrannus
649 1884 726 1944 diem
752 1883 833 1945 necis
859 1882 1063 1944 destinavisset
1088 1892 1117 1944 et
1141 1882 1181 1956 is,
1212 1883 1263 1963 qui

202 1967 292 2028 morti
312 1967 443 2029 addictus
464 1977 555 2042 esset,
580 1987 690 2048 paucos
710 1967 766 2029 sibi
786 1968 847 2030 dies
867 1968 1170 2030 commendandorum
1191 1987 1262 2031 suo-

202 2069 270 2114 rum
286 2069 372 2114 causa
386 2053 605 2133 postulavisset:
628 2072 677 2114 vas
693 2055 785 2146 faetus
801 2060 845 2114 est
860 2052 931 2114 alter
945 2053 1007 2116 eius
1023 2053 1158 2127 sistendi,
1174 2062 1220 2128 ut,
1236 2054 1263 2116 si

238 2237 279 2290 la.
304 2237 416 2290 orandae
427 2238 480 2290 litis
493 2241 601 2302 tempus.
630 2239 706 2290 anr
760 2238 861 2303 411411.
876 2239 996 2303 simodo)
1011 2243 1155 2292 4444444444
1173 2241 1264 2292 (14114144

203 2307 344 2360 4444144444
357 2307 396 2358 die
408 2307 451 2358 lex
464 2307 580 2374 Pompeia
592 2308 644 2358 41.
656 2307 705 2356 ’103
760 2307 806 2359 den
822 2307 935 2360 Wnnscb
951 2324 1004 2374 444,
1026 2310 1084 2362 dass
1103 2310 1143 2360 die
1161 2308 1264 2362 Formel

205 2376 269 2440 (41),
291 2375 446 2440 4441444444
470 2374 511 2424 1114
529 2374 707 2440 Criminalpro-
760 2375 1197 2444 4414144444414444114444,4144414
1211 2373 1264 2428 Ge-

205 2459 290 2505 cesse,
316 2443 373 2494 dass
394 2445 440 2494 der
460 2441 635 2506 1141145442,
661 2444 707 2493 der
760 2443 1202 2509 444444444441414444141144444.

203 2511 381 2576 Vertheidiger
402 2510 417 2559 3
439 2510 550 2560 84444144
573 2510 615 2560 1114
636 2512 706 2562 seire
796 2513 836 2564 45.
859 2513 1000 2566 Damonem
1012 2519 1039 2564 44
1049 2515 1189 2565 Phintiam.
1210 2514 1264 2564 An-

97 2637 103 2642 ,
204 2578 272 2630 Rode
285 2578 343 2628 Zeit
355 2578 433 2628 beben
447 2577 519 2642 44114,
536 2579 599 2628 doeh
611 2594 666 2629 wer
678 2595 706 2630 es
761 2581 806 2631 drc
824 2597 921 2632 444444
934 2582 973 2633 die
986 2581 1102 2632 Frennde
1118 2582 1265 2648 Euphuntus
1280 2578 1281 2586 ’

183 2678 186 2682 -
204 2647 267 2698 anch
280 2645 373 2696 4144441
386 2646 441 2695 dem
454 2643 558 2695 Richter
570 2647 706 2700 44444444-
760 2649 949 2712 undlilukritus,
963 2650 1057 2700 wieder
1066 2649 1151 2702 Andre
1161 2650 1275 2701 Moerus*

205 2729 269 2774 rnen,
281 2713 321 2763 die
333 2711 403 2761 Frist
416 2728 448 2761 44
459 2713 623 2778 4441145444,
646 2717 708 2766 oder
762 2718 812 2766 und
825 2717 988 2766 Selinuntius.
1017 2717 1086 2767 11444
1102 2733 1130 2767 44
1148 2718 1212 2767 wird
1224 2718 1264 2767 uls

204 2783 244 2832 die
257 2780 335 2830 84444
347 2778 474 2830 44141444
488 2783 591 2847 spiitern
605 2783 707 2835 Termin
762 2783 864 2851 'lyrann
885 2783 942 2832 bald
963 2785 1009 2832 der
1025 2785 1119 2844 iillere,
1141 2783 1199 2833 bald
1219 2785 1267 2834 der
1372 2839 1376 2846 ,

205 2865 238 2898 44
248 2853 369 2910 vertegen
383 2847 531 2918 (erupturae,
543 2851 655 2917 dffam'c).
680 2851 707 2902 lu
758 2852 867 2915 jiingere
888 2850 1040 2915 Dionysius,
1063 2849 1121 2898 bald
1138 2850 1224 2897 (1444.
1242 2849 1267 2900 Π

152 2920 154 2925 ’
205 2915 407 2981 Civilproeessen
425 2923 477 2967 4444
494 2919 550 2968 4144
567 2921 707 2971 1144444114-
760 2917 785 2984 ς.
804 2918 835 2967 26
860 2917 1027 2982 besproeheue
1050 2915 1163 2966 Phalaris
1187 2930 1266 2981 ange-

205 2984 272 3046 hung
283 2984 329 3034 der
341 2982 398 3034 Zeit
410 2993 465 3036 4444
477 2988 563 3052 spiiter
575 2989 623 3039 eiu.
761 2987 850 3049 geben.

238 3051 280 3099 44.
305 3050 381 3102 deum
400 3079 435 3090 -
454 3053 581 3106 idest-
596 3061 708 3107 44444444
792 3051 1051 3104 commendandorum
1059 3068 1169 3104 4444444
1177 3068 1265 3120 causa,

205 3133 286 3170 44444.
323 3118 369 3170 Die
393 3122 557 3174 menscbliche
579 3123 653 3174 Seele
673 3125 708 3173 ist
761 3119 1265 3174 4444141448444444444844444144

206 3187 268 3238 4444
290 3186 336 3235 der
358 3185 441 3240 Lehre
468 3191 514 3240 der
536 3191 639 3240 84411444
666 3191 706 3240 414
761 3205 793 3238 44
805 3186 953 3252 emplehlen,
966 3189 1026 3238 4444
1038 3189 1126 3240 Weise
1138 3190 1266 3242 41448444-

205 3251 279 3304 Theil
293 3255 354 3304 oder
365 3256 479 3308 Anshuss
496 3259 542 3308 der
554 3257 705 3310 Weltseele.
760 3256 870 3317 benden;
894 3257 924 3306 de
945 3256 988 3306 114.
1010 3255 1119 3321 1Π,20,
1141 3257 1173 3309 65
1198 3273 1266 3312 eorn-

205 3320 313 3388 Epictet.
326 3323 461 3386 (11444441,
477 3325 520 3384 14,
537 3323 553 3372 6
571 3323 601 3374 αἱ
618 3325 707 3390 ψυχαὶ
759 3322 934 3376 mendaticnee
946 3328 1120 3392 mom'eratc'nm.

207 3393 341 3472 44444414
362 3393 400 3458 τῷ
417 3393 475 3458 θεῷ
492 3385 539 3454 ἅτε
556 3383 640 3440 αὐτοῦ
651 3386 707 3461 μό·
793 3392 938 3458 4441444444
951 3397 998 3444 444.
1024 3394 1074 3445 llas
1085 3394 1266 3446 Verbnmsoll-

207 3475 253 3528 ρια
267 3471 350 3508 ccccc
361 3461 407 3510 441
420 3453 643 3528 ἀποσπάσματα.
759 3466 785 3510 44
795 3460 920 3526 abhiingig
928 3462 982 3512 sein
991 3464 1144 3529 voufaca'sre,
1154 3467 1190 3530 444,
1203 3469 1265 3516 stete

239 3542 338 3578 morem
346 3526 459 3593 rogartdi
463 3526 563 3578 14411444.
577 3527 622 3578 Die
628 3527 707 3579 Wcr·
759 3529 851 3580 dessen
862 3529 926 3580 wird
942 3530 988 3580 mit
1002 3545 1046 3581 444
1055 3533 1152 3598 sectus
1169 3535 1209 3582 444
1224 3530 1263 3580 414

207 3602 234 3646 44
249 3611 313 3662 puae
328 3595 399 3646 44144
408 3595 523 3661 fidecet.
544 3597 653 3659 gehb'ren
674 3612 706 3646 44
760 3613 840 3648 44444
864 3597 924 3648 8444
953 3597 1092 3663 44444444.
1133 3600 1201 3652 41444
1225 3598 1264 3650 die

206 3661 707 3725 derieststehendenFormel,mitderdie
760 3663 846 3731 Liinge
870 3667 915 3716 des
939 3666 1153 3730 eingesehobeneu
1174 3667 1265 3718 844444

206 3729 323 3782 Ρ4444144
333 3729 656 3783 41444444114444414144414
663 3734 709 3783 mit
761 3727 930 3798 ontsehuldigt
946 3735 991 3784 das
1007 3733 1159 3786 Anakoluth.
1185 3732 1264 3786 Vale-

206 3799 262 3848 dem
280 3799 386 3850 Praetor
407 3814 617 3864 angeuornmenen
634 3799 707 3852 11144-
761 3802 814 3852 4144
827 3802 959 3865 Maximus,
975 3803 1020 3852 der
1032 3803 1101 3854 diese
1115 3800 1264 3852 Gesohiohte

206 3873 247 3916 ter
266 3866 451 3934 441144144444,
475 3868 528 3920 ihre
545 3868 624 3920 Seele
645 3871 707 3920 nach
760 3870 809 3921 wie
831 3886 859 3920 so
881 3870 946 3922 viele
967 3885 1012 3922 444
1031 3870 1082 3922 Cle.
1107 3875 1265 3921 entnommeu

206 3932 706 3990 1144444441(144144444444444441444.
729 3957 731 3962 ¹
761 3937 815 4004 hut,
833 3939 986 3990 4444144144
999 3938 1144 3990 Anakolnth
1156 3937 1267 3990 444444-
