2788 4486
191 254 250 314 176
620 247 663 298 DE
682 247 821 301 urricus

188 407 321 487 quidam,
342 405 462 466 minime
478 404 546 467 mali
560 404 602 466 illi
616 404 748 483 quidem,
769 405 820 468 sed
835 422 897 465 non
912 404 984 465 satis
999 405 1088 478 acuti,
1108 405 1205 465 fictam
1220 411 1249 465 et

189 490 424 552 commenticiam
446 490 572 552 tabulam
596 489 740 568 prolatam
760 491 861 551 dicunt
880 509 895 552 a
915 489 1050 563 Platone,
1075 489 1247 568 quasivero

187 576 233 636 ille
251 583 301 636 aut
320 577 429 637 lactum
445 575 478 637 'id
498 594 563 636 esse
582 582 631 634 aut
650 575 712 636 fieri
730 575 864 654 putuisse
879 574 1020 636 defendat.
1051 575 1130 635 Haec
1144 582 1189 634 est
1204 575 1247 634 vis

187 661 274 722 huius
286 660 364 722 anuli
375 670 403 722 et
413 661 501 722 huius
516 659 653 738 exempli:
670 661 794 722 sinemo
810 659 946 735 sciturus,
962 678 1050 720 nemo
1065 678 1104 720 ne
1115 659 1249 738 suspica-

187 755 271 807 turus
287 747 404 825 quidem
419 746 471 817 sit,
493 765 559 807 cum
575 743 680 823 aliquid
696 745 873 819 divitiarum,
892 745 1051 826 potentiae,
1067 744 1248 806 dominatio-

136 899 137 904 *
190 935 307 996 semper
321 916 468 994 ignotum,
490 915 569 976 sisne
584 913 734 976 facturus?
764 915 876 994 Negant
890 916 919 976 id
934 916 997 976 lieri
1013 933 1113 994 posse:
1136 933 1249 994 nequa-

132 1728 172 1788 10

190 1021 277 1081 quam
296 1009 394 1080 petest
413 1001 442 1061 id
463 1001 588 1080 quidem.
620 1001 678 1061 Sed
694 1017 817 1078 quaero,
839 1002 918 1080 quod
933 993 1040 1080 negant
1054 1019 1158 1080 posse,
1177 999 1206 1060 id
1223 1000 1249 1060 si

187 1094 304 1167 pessel,
326 1087 465 1166 quidnam
486 1083 634 1147 facerent?
663 1085 794 1166 Urguent
810 1087 919 1148 rustice
936 1104 1015 1148 sane.
1045 1085 1155 1165 Negant
1169 1085 1249 1146 enim

188 1191 278 1251 posse
303 1180 332 1231 et
357 1172 388 1232 in
414 1191 448 1230 ec
474 1178 619 1250 perstant,
645 1171 703 1231 hue
721 1172 841 1232 verbum
862 1172 931 1250 quid
950 1172 1041 1238 valeat
1060 1188 1121 1230 non
1139 1170 1247 1232 vident.

189 1258 261 1318 Cum
281 1255 358 1316 enim
379 1257 561 1335 quaerimus,
583 1255 608 1316 si
628 1255 720 1316 celare
740 1257 868 1336 possint,
889 1257 959 1336 quid
979 1255 1170 1328 lactarium,
1186 1273 1248 1316 non

85 1338 88 1356 '
189 1341 355 1420 quaerimus
380 1341 535 1420 possintne
559 1341 662 1412 celare,
687 1339 739 1401 sed
762 1350 911 1420 tamquam
935 1348 1081 1402 tormenta
1105 1341 1248 1419 quaedam

188 1427 374 1498 adhibemus
393 1434 438 1498 ut,
455 1427 479 1486 si
494 1425 701 1504 responderint
716 1445 748 1488 se
762 1426 934 1506 impunitate
950 1427 1103 1506 preposita
1117 1429 1247 1486 facturus

189 1513 268 1591 quod
287 1511 431 1590 expediat,
451 1512 635 1572 facinorosus
656 1531 688 1571 se
707 1531 774 1572 esse
789 1513 944 1574 fateantur:
968 1513 992 1572 si
1007 1519 1127 1590 negent,
1149 1511 1250 1572 emnia

188 1597 286 1675 turpia
306 1615 360 1674 per
378 1615 411 1656 se
429 1596 493 1674 ipsa
507 1597 641 1675 fugienda
656 1598 906 1658 esscecncedant.
937 1597 994 1658 Sed
1009 1597 1066 1658 iem
1082 1597 1118 1661 ad
1132 1614 1248 1675 propc-

189 1682 279 1743 situm
292 1690 480 1742 revertamur.

135 1805 168 1854 40
271 1766 408 1828 Incidunt
423 1768 530 1830 multae
545 1786 631 1846 saepe
647 1787 763 1842 causae,
778 1787 851 1848 quae
867 1768 1043 1830 conturbent
1057 1766 1171 1828 animc‘s
1186 1765 1248 1828 uti-

189 1935 332 1999 ssezichung
349 1937 421 2006 *hat-
444 1941 606 2006 pertractatu
627 1939 692 1987 midi
743 1937 938 1988 undlluhinius:
960 1940 992 1988 ab
1009 1939 1111 2005 eplt'rm's
1127 1935 1176 1986 utu
1192 1938 1248 2001 qul-

189 2009 296 2055 suut=
307 2010 462 2068 pertractata
475 2005 562 2054 liabeo.
744 2004 801 2055 dean
820 2008 894 2066 ciras,
916 2005 1024 2056 sednon
1045 2008 1110 2054 satis
1128 2004 1246 2055 eruditis.

224 2072 265 2121 39.
276 2077 280 2080 '
288 2073 432 2140 philosophi
446 2072 557 2138 quedem,
578 2073 617 2122 die
630 2073 690 2138 Epi·
744 2073 794 2122 Cic.
808 2073 901 2122 kunnte
914 2073 966 2123 sich
984 2073 1056 2123 dabei
1072 2071 1118 2124 auf
1128 2071 1167 2122 die
1180 2071 1246 2123 Ver-

190 2139 291 2190 kureer.
316 2140 354 2189 Da
370 2141 414 2189 das
426 2139 506 2190 neom
522 2142 582 2190 uach
595 2141 690 2206 Epikur
743 2141 852 2204 achtung
863 2140 981 2205 isernien,
990 2141 1086 2191 welche
1096 2141 1192 2206 Epikur
1203 2155 1248 2203 ge·

189 2207 259 2257 nieht
277 2203 363 2276 φύσει
383 2210 489 2266 sundern
511 2209 592 2259 θέσει
608 2209 643 2258 ist
659 2209 690 2272 (s.
744 2223 791 2272 gen
812 2209 852 2260 die
872 2209 1000 2260 Dialektik
1021 2210 1069 2258 und
1087 2208 1168 2272 Lugilr
1187 2223 1247 2258 nus-

190 2293 213 2326 z.
226 2275 243 2341 1,
256 2276 278 2340 4,
294 2277 347 2341 11),
370 2293 397 2326 so
410 2277 476 2326 kann
488 2293 517 2326 er
534 2277 575 2327 liir
591 2277 630 2327 die
642 2277 690 2327 Be·
744 2279 841 2344 spraclr.

188 2344 292 2408 lclgung
303 2345 434 2394 desselben
451 2347 514 2395 auch
527 2361 573 2394 nur
585 2345 689 2410 'aiussere

190 2411 292 2462 Griinde
318 2414 366 2463 wie
384 2413 499 2464 Vertheil
517 2415 578 2462 eder
596 2411 691 2464 Furcht

776 2361 936 2412 nequaquam
967 2349 1056 2414 potest
1084 2345 1112 2396 id
1137 2343 1246 2410 quidem.

744 2411 798 2463 Den
811 2411 924 2464 Gluuben
941 2429 972 2463 an
984 2415 1024 2464 die
1033 2413 1182 2476 Vorsehung
1196 2412 1247 2461 und

188 2495 237 2530 ver
253 2479 336 2560 Strale
351 2479 499 2560 pnfdhrem,
515 2480 585 2562 Ilioq.
603 2480 689 2561 Laeqt.
743 2480 869 2559 dieSorge
882 2479 1123 2532 derGiitter'frirdie
1133 2475 1247 2530 mensch*-

189 2547 223 2610 Χ,
239 2547 283 2596 151
308 2545 438 2628 chmla
456 2565 489 2596 ou
506 2553 563 2598 καθ
593 2546 691 2612 ἑαυτην
742 2549 824 2598 lichen
849 2550 1080 2614 Angelegenheiten
1105 2549 1169 2610 und,
1193 2562 1246 2597 was

191 2609 288 2681 κακόν,
308 2611 375 2664 αλλὰ
389 2613 419 2666 ἐν
430 2615 468 2680 τῷ
479 2609 548 2664 κατὰ
560 2609 608 2680 τὴν
620 2611 691 2664 ὑπο-

192 2687 263 2749 ψίαν
275 2677 367 2751 φόβῳ,
381 2681 405 2732 al
414 2677 453 2750 μὴ
463 2677 540 2750 λήσει
552 2677 623 2752 ὑπὲρ
636 2683 690 2732 τῶν

189 2745 323 2801 τοιούτων
339 2745 525 2830 ἐφεστηκότας
545 2745 689 2806 κολαστάς.

192 2814 249 2884 Qr’rx
267 2817 326 2868 ἔστι
343 2834 374 2866 το
390 2812 483 2885 λάθρα
500 2835 527 2867 τι
544 2818 689 2880 ποιοῦντα,

122 2913 124 2920 v
191 2885 230 2937 ὡν
243 2885 392 2936 συνέθεντο
411 2881 483 2951 πρὸς
499 2880 631 2949 ἀλλήλους
653 2885 691 2939 εἰς

190 2949 221 3004 τὸ
233 2949 273 3022 μὴ
284 2947 417 3034 βλάπτειν
425 2950 498 3033 μηδὲ
505 2947 690 3016 βλάπτεσθαι,
721 3020 723 3023 .

190 3034 333 3073 πιστευειν
345 3013 388 3070 ὅτι
401 3021 486 3086 λησει,
499 3015 551 3071 κᾶν
557 3013 692 3100 μυριάκις

158 3083 172 3096 '
190 3089 238 3141 dni
255 3090 303 3139 τοῦ
321 3082 461 3154 πάρὸντος
473 3088 606 3156 λανθανῃ.
631 3086 689 3150 Vgr.

190 3159 264 3208 Lucr.
279 3157 309 3220 V,
325 3155 389 3205 1150
399 3155 424 3206 ff.

223 3228 328 3276 minima
342 3224 405 3273 mali
414 3223 452 3274 illi
462 3223 572 3289 quietern,
585 3222 631 3273 sed
640 3239 691 3275 uon

118 3322 120 3328 ¹
190 3293 255 3345 salis
268 3296 344 3343 ccum.
369 3292 422 3342 Den
433 3291 555 3344 Vurwnrs
564 3293 609 3342 des
619 3291 691 3341 Man-

190 3363 244 3427 gels
256 3376 288 3411 un
301 3358 445 3410 Selrarisinn
462 3361 512 3410 und
528 3377 560 3410 au
573 3360 691 3410 Wissen-

191 3428 376 3482 schaltlichkeit
396 3430 479 3479 meent
499 3428 549 3478 Cic.
568 3429 591 3478 in
609 3428 690 3478 iihnli-

191 3501 251 3550 cher
260 3498 350 3549 Weisc
367 3498 422 3547 dem
434 3497 531 3564 Epikur
542 3499 591 3547 und
604 3497 691 3547 seinen

191 3568 342 3630 Anhiingern
363 3565 458 3628 diters3
485 3567 510 3614 in
528 3565 578 3616 Pis.
597 3563 641 3627 29,
660 3565 693 3613 70

192 3636 312 3705 Epicurei
324 3635 492 3698 lr'tterassere
502 3634 639 3698 neglegere
650 3649 692 3684 sc-

194 3707 252 3756 lcnt.
277 3705 307 3754 de
321 3703 363 3753 lin.
376 3701 405 3765 ll,
419 3703 459 3765 25,
473 3701 505 3751 80
522 3701 568 3752 sed
579 3705 693 3766 queamus

194 3774 369 3838 eomisfuerit
382 3771 521 3836 (Epicurus)
534 3773 561 3819 in
572 3771 693 3820 mucium

194 3841 307 3906 tuendis,
322 3846 405 3890 tarnim
417 3867 450 3876 -«
461 3855 512 3890 nme
525 3839 590 3889 ratis
602 3841 693 3888 mutus

186 3911 254 3976 suit.
289 3907 363 3958 Tusc.
378 3908 399 3973 Ι,
414 3907 440 3974 3,
459 3907 474 3956 6
494 3923 544 3959 van
556 3906 693 3958 Amafinius

744 2616 820 2666 duruit
838 2617 1068 2680 zusammenlriingt,
1088 2632 1120 2671 an
1138 2617 1177 2666 die
1189 2615 1247 2667 All·

743 2683 889 2732 wissenlreit
902 2682 992 2733 Gottes
1010 2685 1105 2748 sprielrt
1119 2683 1167 2732 Cic.
1181 2690 1247 2734 stets

744 2765 801 2812 νινε,
825 2765 864 2798 wo
886 2766 915 2800 er
940 2751 1009 2798 scine
1033 2751 1121 2812 eigene
1142 2748 1248 2800 Anaiclrt

744 2818 874 2880 vertriigt3
904 2819 934 2866 de
952 2824 1033 2866 natur.
1052 2817 1122 2864 deor.
1139 2813 1161 2875 1,
1178 2815 1208 2876 2,
1222 2817 1247 2866 3.

745 2883 872 2946 deleg.l,
890 2885 917 2946 7,
939 2883 980 2937 21.
1005 2881 1125 2946 delini,
1146 2881 1246 2945 16,51.

745 2951 790 3000 Die
808 2951 971 3000 Emendation
992 2952 1036 3001 des
1057 2949 1184 3002 Manutius
1201 2965 1247 2999 ne-

745 3034 872 3085 quaquam
895 3017 936 3068 nir
958 3019 1002 3068 das
1027 3016 1247 3068 handschriftliclre

745 3101 898 3152 qrrcmqrmm
907 3086 941 3136 ist
950 3085 1247 3136 daherandieserStelle

744 3171 785 3206 um
795 3170 822 3204 so
832 3153 1075 3217 walirscheinlielrer,
1087 3154 1126 3204 als
1133 3152 1184 3203 Cic.
1193 3154 1249 3204 hier

744 3223 835 3272 keinen
849 3221 935 3272 Grund
949 3223 1025 3282 hatte,
1039 3237 1087 3272 von
1101 3222 1186 3272 seiner
1195 3221 1248 3271 An-

746 3291 810 3342 sielrt
822 3290 975 3353 abzugehen.
1001 3289 1138 3342 Ueberdies
1150 3289 1248 3339 fordert

746 3360 791 3409 der
813 3357 956 3422 Gegcnsatz
980 3355 1033 3408 Sed
1054 3373 1148 3424 quaero
1172 3357 1202 3407 id
1224 3360 1249 3406 si

744 3431 866 3496 posset,
891 3427 949 3477 dass
972 3426 1027 3475 eine
1048 3425 1174 3489 Negaticn
1198 3425 1246 3474 wie

745 3511 903 3562 nequaquam
912 3498 1000 3562 potest
1011 3495 1172 3558 vorausgelrt.

779 3563 898 3630 Urguent
908 3566 1005 3614 rustice
1017 3577 1087 3629 eane,
1101 3562 1138 3612 sie
1148 3559 1246 3611 bleiben

745 3631 892 3695 hartniicln'g
909 3631 950 3680 bei
966 3631 1035 3680 ihrer
1051 3631 1174 3691 Aussage.
1202 3643 1248 3677 ru-

745 3702 807 3750 stice
824 3701 893 3749 steht
908 3698 956 3748 wie
968 3692 1106 3770 ἀγροικῶς
1120 3697 1161 3745 l'rir
1173 3687 1247 3762 ἅμα·

746 3767 813 3826 θῶς,
826 3761 965 3834 ἀμούσως.

747 3827 833 3951 6121).
866 3835 907 3884 tc.
941 3833 1036 3885 multae
1052 3847 1139 3900 saepe:
1172 3847 1195 3880 z.
1217 3828 1247 3892 ll,

768 3940 775 3968 ,
805 3903 829 3953 θ.
