2788 4486
420 253 421 256 '
482 299 486 303 -
574 281 677 336 man.
704 283 847 354 maan,
1182 293 1242 357 tlt

182 457 253 502 uero
274 437 410 503 interitus
429 437 622 512 exercituum,
642 446 675 500 ut
694 439 829 518 proxime
847 440 950 516 trium,
972 460 1059 523 saepe
1073 443 1243 521 multorum,

181 524 278 588 dadas
297 523 521 603 imperatorum,
540 532 573 585 ut
586 541 681 604 nuper
695 525 805 586 summi
820 532 850 586 et
864 525 1018 606 singularis
1033 527 1100 602 riri,
1121 528 1244 592 invidiae

180 615 332 691 praeterea
346 608 540 672 multitudinis
555 615 642 688 atque
657 608 694 672 oh
707 627 756 670 eas
767 607 843 672 bene
854 611 1026 676 meritorum
1039 632 1126 694 saepe
1138 614 1243 679 ciuium

181 694 379 776 expulsiones,
394 693 581 767 calamitates,
594 695 686 772 fugae,
698 712 863 775 rursusque
875 697 1022 760 secundae
1032 717 1089 772 res,
1101 699 1242 774 honores,

120 839 126 856 χ
180 779 312 860 imperia,
328 778 476 849 victoriae,
493 796 672 858 quamquam
683 780 801 844 fortuita
812 789 889 856 suut,
900 789 999 846 tamen
1011 783 1075 844 sine
1086 784 1243 847 homiuum

182 865 289 944 opibus
310 872 339 925 et
358 863 463 926 studiis
484 871 618 925 neutram
639 863 669 924 in
690 871 804 944 partem
819 866 894 927 effici
908 877 1045 945 possunt.
1077 867 1141 928 Hoc
1154 868 1252 947 igitur,

182 949 300 1028 cognito
317 949 473 1010 dicendum
487 955 532 1010 est
547 965 675 1027 quonam
690 949 782 1011 modo
797 949 954 1012 hominum
969 952 1067 1013 studia
1082 952 1118 1014 ad
1134 953 1241 1014 utilita-

181 1043 225 1096 tes
236 1042 354 1096 nostras
370 1033 483 1095 allicere
499 1039 586 1112 atque
596 1033 720 1094 excitare
731 1035 892 1114 possImus.
921 1037 1000 1110 Quae
1013 1037 1038 1098 si
1049 1035 1166 1116 longior
1178 1038 1242 1098 lue-

181 1121 219 1180 rit
239 1118 348 1192 oratio,
373 1137 441 1180 cum
460 1116 658 1197 magnitudine
677 1117 810 1180 utilitatis
831 1131 1031 1200 comparetur:
1057 1120 1096 1182 ita
1116 1123 1242 1184 tomasse

180 1205 267 1266 etiam
281 1203 398 1266 brevior
410 1202 561 1264 videbitur.

266 1290 472 1368 Quaecumque
483 1288 571 1367 igitur
582 1287 720 1348 homines
731 1287 845 1349 homini
856 1288 989 1351 tribuunt
1000 1289 1037 1351 ad
1049 1308 1117 1352 eum
1129 1308 1239 1370 augen-
1261 1300 1292 1352 tt

180 1375 251 1436 dum
266 1382 351 1453 atque
365 1373 597 1447 hermionium,
619 1380 669 1434 aut
688 1371 904 1434 benevolentiae
919 1374 1009 1453 gratia
1029 1374 1152 1448 faciunt,
1173 1369 1269 1447 cum‘-
1334 1386 1338 1402 ⁸

180 1459 273 1539 aliqua
289 1459 324 1520 de
339 1477 426 1520 cansa
437 1458 604 1536 quempiam
616 1457 746 1536 diligunt,
763 1458 957 1533 anthenoris,
973 1459 998 1519 si
1011 1459 1093 1520 ouius
1104 1459 1241 1520 virtutem

180 1543 354 1624 suspiciunt
368 1561 514 1622 quemque
539 1541 658 1620 dignum
679 1543 796 1602 tonum
817 1561 905 1622 mam
925 1543 1108 1623 amplissima
1127 1552 1240 1623 putant,

179 1631 231 1692 aut
255 1629 301 1691 oui
319 1629 406 1690 fidem
426 1627 534 1688 habent
552 1633 581 1688 et
599 1627 673 1688 hene
692 1626 781 1688 rebus
802 1629 863 1690 suis
885 1629 1036 1690 consulere
1056 1628 1241 1704 arbitrantur,

180 1725 229 1777 aut
249 1714 331 1776 ouius
348 1731 419 1792 opes
434 1719 585 1785 metuunt,
606 1720 655 1774 aut
669 1719 783 1786 contra,
803 1713 941 1792 aquibus
958 1713 1063 1793 aliquid
1080 1722 1240 1793 expectant,
1281 1713 1282 1718 ’
1324 1735 1327 1739 ·

179 1808 211 1861 ut
235 1819 303 1861 cum
327 1816 412 1876 reges
435 1797 627 1876 popularesve
645 1797 783 1857 homines
803 1796 970 1874 largitiones
991 1797 1102 1876 adquae
1125 1816 1240 1878 propo-

178 1893 266 1958 nunt,
288 1891 337 1945 aut
351 1890 504 1962 postremo
519 1881 619 1962 precio
634 1901 668 1942 ac
682 1881 817 1942 mercede
832 1882 991 1957 ducuntur,
1007 1900 1081 1961 quae
1096 1882 1239 1944 sordidis-

178 1970 254 2032 sima
273 1977 317 2031 est
331 1968 377 2030 illa
393 1967 510 2048 quidem
524 1966 599 2028 ratio
614 1972 643 2026 et
656 1964 891 2045 inquinatissima
906 1975 934 2028 et
951 1967 1000 2040 iis,
1024 1967 1120 2046 quiea
1136 1975 1239 2029 tenen·
1331 1997 1335 2005 a

180 2066 239 2128 tur,
261 2062 290 2114 et
307 2053 378 2125 illis,
399 2052 448 2132 qui
467 2051 503 2113 ad
523 2069 586 2112 eam
609 2051 767 2128 confugere
783 2060 934 2114 conantur.
963 2052 1036 2112 Male
1050 2051 1128 2113 enim
1145 2072 1176 2113 se
1190 2070 1238 2114 res
1260 2061 1293 2113 22

178 2139 279 2216 habet,
299 2157 375 2212 cum,
391 2137 469 2216 quod
484 2135 589 2198 virtute
605 2135 681 2196 effici
697 2134 790 2208 debet,
805 2135 835 2196 id
850 2143 1010 2216 temptatur
1020 2137 1152 2216 pecunia.
1180 2135 1240 2200 Sed

179 2223 319 2304 quoniam
338 2239 401 2283 non
419 2239 582 2300 numqaum
601 2220 659 2280 hoo
679 2220 844 2282 subsidium
859 2221 1057 2284 necessarium
1073 2229 1131 2294 est,
1152 2239 1240 2300 quem

140 2382 144 2385 Ἴ
179 2309 215 2368 ad
231 2309 355 2368 modum
372 2306 410 2366 sit
422 2305 565 2366 utendum
581 2324 616 2365 eo
633 2305 778 2378 dicemus,
799 2305 824 2366 si
839 2305 921 2384 prius
937 2305 974 2366 iis
990 2306 1145 2379 derebus,
1166 2325 1240 2385 quae

179 2391 280 2450 virtuti
296 2391 451 2468 propiores
467 2397 549 2463 sunt,
564 2388 731 2450 dixerimus.
761 2391 855 2470 Atque
870 2389 955 2452 etiarn
973 2390 1121 2451 subiciunt
1136 2409 1168 2451 se
1182 2391 1239 2450 ho-

181 2474 276 2536 mines
291 2473 416 2554 imperio
432 2473 547 2534 alterius
563 2481 591 2534 et
604 2474 743 2553 potestati
759 2474 794 2536 de
809 2475 905 2536 causis
921 2473 1061 2554 pluribus.
1087 2471 1241 2538 Ducuntur

178 2559 257 2620 enim
272 2565 322 2622 ant
336 2557 535 2620 benevolentia
549 2565 578 2619 et
590 2558 799 2621 beneficiorum
814 2559 1015 2638 magnitudine
1030 2567 1080 2621 aut
1091 2559 1238 2639 diguitatis

212 2711 253 2761 20.
270 2713 392 2780 prosince
407 2713 499 2762 troiam·
518 2709 558 2760 nei
571 2709 680 2762 Pharse·
735 2710 1241 2774 6angeldhrteuGriindewerdenindem

58 2793 65 2812 ⁸
176 2781 225 2844 lus,
239 2777 361 2846 Thapsus,
371 2778 471 2830 Munda.
483 2780 605 2848 preeunte
614 2779 681 2830 steht
735 2779 880 2842 Folgenden
892 2780 916 2828 in
929 2779 945 2828 3
957 2779 1037 2828 Patre
1053 2793 1240 2842 zusammenge-

175 2847 432 2916 xeitllcliiiirnuper.
735 2847 809 2910 least,
822 2847 933 2898 undvon
946 2847 1241 2898 teumolannuundma·

210 2931 287 2983 caepe
297 2915 451 2978 multorum,
467 2915 491 2964 d.
502 2915 520 2963 i.
537 2914 680 2978 multorum,
737 2921 779 2967 trra
791 2915 829 2965 bis
842 2913 866 2978 8,
880 2914 925 2979 311,
946 2930 996 2964 von
1008 2915 1089 2966 donor
1107 2916 1157 2964 und
1169 2913 1241 2982 fider

177 2999 280 3050 quorum
297 2984 363 3034 nlius
380 2983 429 3032 ulio
447 2989 559 3047 tempore
576 2981 680 3044 interiit,
735 2985 773 3034 bis
785 2983 853 3048 ald,
865 2998 915 3034 von
924 2981 1065 3034 &beralitate
1074 2984 1124 3032 und
1133 2997 1241 3051 eorrup-

176 3051 215 3101 ein
229 3052 288 3102 sehr
297 3049 595 3115 iduligerPleouusmus3
607 3047 626 3114 l,
639 3047 680 3111 22,
735 3053 786 3104 telo
799 3050 1075 3116 15—241gespmenen„

176 3118 217 3169 74.
235 3119 349 3184 44,155.
370 3117 520 3182 111‚10,44.
769 3117 911 3170 commolere.-
932 3118 976 3168 dus
994 3117 1097 3182 Snbject
1112 3133 1186 3184 quem
1207 3119 1242 3168 ist

161 3239 163 3246 ,
209 3189 306 3238 summi
329 3191 355 3237 et
376 3185 520 3252 ringulam
543 3187 606 3250 virt,
635 3186 681 3236 des
735 3203 780 3238 aus
799 3187 854 3237 dem
874 3186 1094 3250 vorhergelrenden
1112 3185 1188 3238 Batia
1208 3201 1241 3235 zu

175 3253 317 3320 Pompejus.
736 3255 871 3319 ergiuaen,
883 3271 906 3304 z.
918 3252 943 3319 ξ.
958 3253 998 3302 14.

211 3324 302 3390 opilare
323 3325 348 3372 et
363 3321 469 3386 studiis,
492 3321 519 3370 in
537 3319 681 3372 demsellen
770 3321 811 3372 22.
833 3319 1240 3384 dannatumeszeiqtvonweit-

177 3389 263 3452 Siune,
275 3391 322 3440 wie
335 3405 381 3456 ope
392 3392 468 3454 atque
480 3403 567 3504 ogeru.
736 3389 930 3455 schweiiiglreit‚
953 3391 1012 3440 dass
1030 3389 1085 3438 hier
1102 3389 1141 3440 die
1162 3389 1240 3438 sehon

191 3459 477 3524 'neuamninpartenm
510 3458 682 3508 ‚oenomaum
736 3453 1240 3524 §.20angegebenenGriiudemitwenig

77 3532 79 3537 '
176 3527 343 3643 qqqpartera,
355 3524 395 3574 cel
405 3523 530 3575 secundas
542 3523 630 3575 odrae
642 3523 683 3574 uel
736 3522 1240 3576 veriindcrteuAusdriielxeuwiederholt

226 3605 306 3642 ereas.
359 3590 363 3598 ’
736 3593 846 3643 werden.

210 3658 252 3710 21.
273 3663 321 3712 out
339 3663 382 3710 cui
392 3659 476 3726 fidem
495 3661 596 3712 dolent.
623 3658 680 3711 Von
769 3661 949 3727 benificiorum
970 3655 1147 3728 nomitatim
1174 3657 1239 3708 kann

176 3727 530 3793 dchonjuuctionwirdnum
539 3727 681 3793 Relatiuutu
735 3729 815 3780 nebeu
839 3728 1009 3780 immoderatio
1031 3727 1099 3778 nieht
1125 3732 1170 3789 gut
1200 3725 1239 3775 uls

174 3795 381 3862 iiberqegungem
395 3811 415 3846 s.
425 3794 445 3860 1,
455 3795 478 3859 5,
490 3795 529 3846 16.
542 3797 590 3846 ltin
603 3795 681 3846 zwei-
734 3796 920 3861 selbstiiudiges
933 3791 1007 3846 Glied
1018 3793 1163 3857 autgeninm
1171 3808 1240 3844 wer·

175 3871 216 3914 ter
227 3863 350 3916 Wechsel
365 3867 412 3915 der
427 3863 547 3915 Stractur
563 3863 620 3914 tritt
635 3863 681 3914 mit
732 3865 796 3914 den:
824 3879 852 3915 es
877 3864 1016 3929 eotspriclrt
1040 3862 1063 3928 §.
1078 3861 1108 3912 21
1135 3864 1241 3914 teneaa-

175 3938 222 3983 out
230 3939 362 4002 postremo
374 3934 427 3996 cinq
440 3932 491 3997 vul
505 3931 530 3998 ἦ.
537 3931 576 3982 37.
589 3960 622 3970 —
634 3930 680 3982 llie
734 3931 828 3984 lentior
836 3934 938 4000 gratim
954 3947 1012 3984 anm
1022 3931 1110 4000 aliquo
1118 3929 1150 3982 de
1162 3943 1241 3982 cansa
