2718 4484
21 787 26 796 β
113 717 229 782 gamus.

509 285 569 338 Lis.
582 284 612 337 ll.
633 287 712 340 ι(ῙΑΡ,
725 285 751 338 2.
764 286 788 338 3.
1120 291 1178 350 111

113 445 146 506 in
161 442 365 523 antiquissima
378 439 620 522 nobilissimaque
634 441 822 522 philosophia
833 439 971 523 Cratippo
985 449 1105 504 anctore
1116 461 1181 506 ver-

113 529 190 592 saris
205 529 241 590 iis
258 527 415 602 simillimo,
427 527 477 607 qui
492 526 547 590 ista
561 526 708 606 praeclara
718 534 910 607 pepererunt,
923 534 1022 588 umen
1037 529 1110 590 haec
1122 547 1181 591 no-

114 624 176 677 stra
191 613 324 677 finituma
340 613 445 675 vestris
460 612 559 692 ignota
574 631 640 674 esse
655 611 745 674 nolui.
769 611 829 698 Sed
843 612 901 676 iam
915 611 952 674 ad
966 612 1097 675 instituta
1111 632 1181 694 per·

201 785 337 864 Quinque
365 783 454 863 igitur
483 777 648 844 rationibus
673 781 846 862 propositis¹
863 781 951 844 officii
973 783 1177 864 persequendi,
1196 787 1216 849 a

113 887 242 951 quarum
256 869 330 932 dnae
344 869 381 930 ad
398 869 487 930 decus
501 869 746 948 honestatemque
757 867 947 948 pertinerent
962 867 1036 929 dnae
1048 871 1084 930 ad
1095 887 1179 933 com·
1200 881 1216 931 u

70 966 73 971 “
113 955 306 1027 modoaltus,
324 954 435 1035 copias,
452 972 535 1032 opes,
550 953 712 1028 facultates,
727 954 828 1033 quinta
842 953 879 1014 ad
894 953 1017 1032 eligendi
1031 953 1180 1030 iudicium,

114 1041 139 1102 si
156 1041 273 1120 wando
289 1059 338 1113 aa,
354 1039 664 1120 quaedixi‚pognare
679 1040 756 1100 intes
771 1037 1000 1112 occiderentur,
1016 1039 1180 1101 honestatis
1209 1062 1211 1067 ·

113 1145 184 1206 pars
214 1126 345 1188 conlecta
370 1132 429 1198 est,
458 1143 547 1204 quam
574 1124 692 1204 quidem
718 1123 770 1185 tihi
791 1124 877 1204 cupio
898 1141 964 1184 esse
984 1123 1180 1186 notissimam.

113 1212 296 1284 Hocautem,
312 1211 349 1272 de
361 1227 419 1292 qqo
431 1227 511 1271 nunc
522 1210 643 1289 agimus,
658 1209 687 1270 id
702 1210 802 1290 ipsum
814 1216 867 1283 est,
882 1209 962 1288 qaod
977 1208 1064 1271 utile
1079 1211 1180 1290 appel-

113 1298 197 1358 latur.
229 1295 266 1356 ln·
283 1313 342 1376 qno
363 1295 452 1356 verbo
473 1295 555 1374 lapsa
569 1295 752 1356 consuetudo
769 1293 886 1356 dellexit
900 1293 938 1354 de
952 1294 995 1354 via
1005 1295 1180 1375 sensimque

113 1401 149 1443 eo
167 1381 288 1442 deducta
303 1387 363 1454 cst,
379 1388 412 1442 ut
426 1381 611 1442 honestatem
627 1381 663 1441 ab
680 1380 801 1442 utilitate
816 1395 972 1442 secernens
989 1381 1180 1442 constitueret

114 1486 182 1528 csse
200 1467 361 1528 honestum
383 1464 419 1526 ali
461 1465 490 1525 id
511 1465 592 1544 qu'od
612 1465 683 1526 utile
703 1483 765 1526 non
785 1475 862 1525 essct
882 1474 911 1525 et
929 1465 997 1526 utile
1018 1465 1097 1544 quod
1117 1483 1179 1526 non

113 1553 290 1624 honestum,
312 1570 368 1630 qua
388 1483 470 1612 nuqffi
485 1549 629 1631 pernicies
645 1551 740 1612 maior
755 1549 910 1611 hominum
926 1550 1001 1610 vitae
1014 1550 1111 1630 potuit
1126 1551 1178 1612 atl-

113 1637 193 1698 lcrri.
223 1638 345 1698 Summa
367 1635 483 1714 quidem
505 1635 674 1696 auctoritate
694 1633 868 1715 philosophi
884 1653 988 1696 severe
1007 1653 1077 1696 sanc
1092 1645 1179 1715 atquc
1202 1649 1232 1698 (ο

113 1719 1046 1800 honestehaeo[trial'gene'racontusacogitationedistinguunt.
1069 1721 1177 1798 [011111-
1310 1727 1312 1736 ’

114 1807 183 1887 quid
199 1807 277 1868 enim
292 1807 403 1868 iustum
420 1805 471 1878 sit,
492 1806 520 1868 id
536 1805 623 1868 etiam
638 1805 707 1869 utile
723 1823 788 1865 esse
803 1812 936 1879 censent,
955 1805 1084 1886 itemque
1099 1807 1179 1886 qnod

112 1893 286 1966 honestum,
306 1891 385 1954 idem
400 1890 525 1953 iustum:
540 1909 575 1952 ex
590 1909 649 1970 quo
665 1889 789 1952 eflicitur
803 1896 848 1963 ut,
864 1890 1004 1969 quidquid
1016 1890 1179 1953 honestum

145 2045 273 2095 amsans:
286 2059 306 2092 s.
318 2041 338 2110 1,
352 2044 374 2092 1.

144 2114 178 2163 u'e
206 2111 344 2177 mutuum,
385 2111 440 2161 deni
462 2109 617 2161 Aristoteles

111 2181 162 2230 ond
174 2179 371 2246 Theophrastus.

142 2247 266 2312 finituma
276 2248 384 2298 eleemos
396 2244 415 2310 l,
430 2245 452 2309 1,
465 2244 490 2294 2.

146 2307 179 2368 8·
197 2316 222 2365 9.
244 2313 340 2380 Capitol
361 2311 446 2378 3-6,
467 2311 620 2365 attentatu

32 2425 49 2441 .,
112 2384 338 2446 gewissemnassea
352 2381 407 2430 eloe
418 2380 510 2430 swelce
522 2381 618 2433 llinlei·

111 2458 184 2514 tang,
197 2450 224 2498 in
236 2449 282 2499 deo
290 2450 336 2499 dei·
346 2446 427 2499 lohelt
438 2447 484 2498 dos
494 2448 574 2500 Buchs
585 2451 619 2500 im
659 2449 783 2516 quodum

110 2517 286 2583 Allgemoinea
314 2514 469 2582 angegchem
502 2517 551 2566 ond
578 2519 618 2568 dio

110 2586 195 2651 Frage
208 2588 321 2635 er'o'rteot
332 2585 404 2648 wind,
416 2596 472 2634 was
482 2584 537 2634 deos
546 2583 618 2636 Men-

110 2657 188 2706 schen
200 2669 240 2704 am
251 2653 358 2704 meloten
370 2649 446 2703 ndtze
457 2653 509 2702 und
519 2653 617 2705 scheda.

145 2723 275 2789 Quasique:
287 2737 308 2772 s.
321 2719 347 2788 §-
363 2721 401 2771 to.

143 2790 256 2859 eligendi
264 2789 393 2854 coemam,
405 2789 461 2840 eine
473 2787 616 2840 Umsohnei-

108 2859 176 2977 gang
186 2857 345 2976 l'q'moeelcctim
360 2871 381 2908 s.
390 2855 560 2922 illigelshaoh,
570 2857 615 2909 lat.

132 2991 615 3064 m

107 3131 325 3196 otiosumne,
337 3129 491 3180 oiestotkec
502 3129 548 3179 aa
560 3099 614 3179 aaa!

108 3200 251 3264 geneohnot,
264 3201 329 3250 deno
338 3199 401 3249 ench
411 3197 615 3248 sle‘nntcnsehei·

107 3268 157 3317 den
174 3267 297 3317 zwisehen
309 3282 341 3318 an
354 3267 408 3317 sich
420 3272 497 3330 guten
506 3265 614 3333 phlegon,

108 3336 155 3384 des
167 3333 278 3400 Tngend,
290 3336 340 3385 ond
352 3335 400 3384 den
412 3349 454 3384 uin
465 3333 534 3383 ihi-cs
543 3331 614 3383 Nuz-

107 3417 170 3464 zcas
182 3403 267 3454 willon
278 3402 551 3466 wiinschenswesthen,
563 3402 614 3451 ond

671 2057 723 2093 aeon
734 2059 804 2106 eane,
816 2041 936 2092 wdhoend
947 2058 1010 2092 saue
1018 2059 1069 2093 uon
1078 2041 1181 2093 1111111-

672 2110 758 2174 tigend
770 2110 812 2171 ist,
826 2110 958 2160 ‘dunchans
971 2109 1056 2161 nicht’.

706 2179 823 2245 coqfusa,
832 2178 856 2227 (1.
864 2178 881 2228 i.
892 2179 1032 2241 coniuncta,
1043 2177 1180 2228 cohaeren-

672 2246 724 2296 tias
736 2244 753 2311 l,
764 2246 805 2310 21,
815 2245 857 2296 95.
869 2245 902 2296 de
912 2246 955 2296 lin.
967 2243 998 2312 V,
1007 2245 1048 2310 23,
1059 2245 1090 2296 ct
1103 2250 1180 2312 atque

672 2315 734 2364 haec
754 2317 896 2364 coniunctio
912 2314 1081 2380 confusioque
1096 2315 1179 2365 uirtu-

672 2386 730 2432 tum
752 2385 836 2432 tunm
859 2397 876 2430 a
896 2382 1055 2450 philosophie
1078 2383 1180 2434 ratione

797 2447 976 2516 distinguitur.
1002 2451 1036 2500 de
1049 2465 1087 2501 or.
1098 2449 1126 2516 11,
1137 2450 1177 2516 41,

674 2518 721 2568 171
734 2522 766 2570 ut
776 2533 805 2570 re
816 2517 1011 2586 disauguontur
1024 2520 1108 2572 autu
1120 2533 1179 2570 oon-

663 2587 736 2652 fiuo
748 2603 805 2638 esse
816 2586 958 2639 vtdeoaotur.

706 2655 767 2705 laec
784 2657 835 2706 trio
847 2670 946 2720 genero
958 2655 1069 2720 confuso
1081 2656 1178 2720 cogite-

672 2725 748 2773 ta‘one.
768 2721 895 2787 Quidquid
906 2725 974 2772 enim
986 2726 1033 2773 oet.
1055 2723 1088 2773 So
1098 2723 1177 2772 hohen

671 2790 711 2840 die
721 2790 795 2840 lldss.
819 2789 927 2840 Dormit
939 2793 1005 2840 suun
1016 2790 1178 2854 eingeleltete

671 2857 732 2908 Satn
757 2857 832 2908 sollte
855 2858 974 2908 domnaeh
997 2858 1108 2922 angehen
1129 2859 1177 2908 den

671 2925 766 2991 timna,
779 2925 890 2976 weshalh
904 2927 965 2977 oder
978 2927 1026 2977 wie
1037 2926 1078 2977 dic
1090 2926 1176 2978 Philo-

670 2995 764 3060 sophen
781 2995 822 3045 die
834 2995 988 3045 identischen
1001 2995 1081 3059 Dioge
1094 2995 1177 3045 schei-

670 3064 732 3125 den3
745 3067 809 3114 stult
820 3063 912 3112 dessen
926 3063 998 3112 sucht
1010 3078 1039 3112 er
1051 3063 1091 3112 die
1102 3062 1175 3113 lden·

669 3131 730 3181 titlit
752 3129 887 3180 desselben
908 3145 939 3179 zu
960 3130 1102 3195 heweisen,
1125 3131 1176 3180 ond

670 3212 740 3248 zwas
762 3197 827 3247 wind
849 3199 914 3247 daza
942 3197 987 3248 das
1012 3199 1109 3248 tusum
1135 3198 1174 3248 als

668 3263 820 3328 Mittelglied
837 3265 954 3328 henntzt,
972 3264 1071 3315 tannen
1082 3265 1130 3314 wie
1143 3266 1174 3316 de

668 3332 710 3384 llo.
721 3331 763 3397 111,
776 3331 799 3398 8,
811 3331 844 3382 21
858 3333 937 3404 steht:
951 3331 1020 3410 quqd
1030 3337 1070 3382 est
1081 3334 1175 3384 bonum
1236 3342 1242 3350 ’

642 3423 648 3442 o
668 3415 743 3450 omne
753 3399 879 3450 laudabile
890 3404 936 3466 est,
949 3401 1016 3466 quod
1023 3405 1110 3451 autem
1119 3401 1175 3452 ozo-

106 3471 230 3538 spsechcn
246 3473 293 3522 den
310 3471 433 3531 latntes-n,
451 3467 489 3518 als
508 3483 614 3538 προηγ-
667 3467 757 3531 dalila
775 3483 848 3518 mame
864 3469 1007 3532 honestum,
1020 3470 1114 3518 boatum
1124 3472 1175 3534 iga·-

104 3539 216 3610 μίνοις,
241 3539 309 3590 nicht
328 3539 395 3590 allen
415 3535 509 3588 Weath
529 3536 560 3585 eh
580 3537 612 3600 ls.
667 3541 712 3588 tue·
723 3535 792 3603 quod
798 3536 982 3587 esthoueatum
991 3539 1038 3585 est.
1050 3534 1173 3586 herselle

104 3608 192 3672 illul).
216 3607 355 3658 Aherwcil
367 3606 436 3656 disse
448 3603 612 3657 Ustorsehoi·
666 3605 765 3656 Beweis
785 3602 969 3655 ausliiholiehen
989 3602 1066 3654 Tusa.
1078 3602 1112 3667 V‚*
1134 3604 1172 3667 15,
1197 3626 1199 3629 ·

105 3672 613 3741 tangelosintermeorteeictriuuno
666 3674 699 3724 45
723 3672 844 3740 quodquod
863 3676 914 3737 est,
935 3672 1004 3740 quod
1019 3674 1113 3723 bouum
1129 3675 1170 3738 eit,

104 3741 611 3804 nichtnunnsittllchenllandlongenven-
664 3740 694 3792 id
704 3741 875 3810 aoepeteudum
887 3745 931 3807 est,
949 3740 1017 3808 quod
1026 3743 1114 3790 autem
1125 3757 1172 3792 eo·-

103 3813 185 3878 lcitet,
198 3829 227 3864 so
240 3813 275 3864 ist
287 3811 324 3862 eie
336 3812 400 3862 noch
412 3815 500 3872 stieng
508 3808 611 3860 sittlieh.
663 3809 813 3878 petendum,
836 3811 865 3861 id
883 3814 952 3860 certe
967 3805 1170 3878 approbandum,

107 3883 206 3944 (seuere
234 3897 297 3932 saue
324 3885 400 3946 utque
426 3877 552 3940 honeste).
577 3905 612 3915 -
666 3878 734 3944 quod
751 3895 812 3930 uero
832 3881 996 3948 approbaris,
1017 3875 1045 3927 a'd
1061 3880 1171 3944 gratum

103 3963 166 4001 cone
186 3951 230 4000 hat
245 3949 407 4001 concessivae
426 3943 498 4008 Sino,
519 3944 568 4024 qis
585 3946 610 3996 in
664 3952 844 4017 acceptumque
852 3946 1006 4013 betsaidam,
1024 3960 1086 4012 ergo
1093 3949 1171 3998 eoum
