2788 4486
191 293 252 354 146
617 290 667 342 nn
680 289 817 343 orrmus

188 447 224 508 ad
236 444 456 525 rempublicam
467 445 623 524 pertinent,
636 444 847 525 disputandum
858 452 911 506 est.
932 445 1044 506 Eorum
1054 455 1154 508 autem
1164 446 1248 526 ipso-

189 549 255 594 rum
278 531 385 610 partim
409 529 572 607 eiusmodi
592 538 676 606 sunt,
701 541 732 592 ut
750 530 786 594 ad
806 531 958 596 universos
978 530 1055 592 cives
1074 532 1248 612 pertineant,

189 616 309 695 partim„
334 616 466 696 singulos
484 624 518 678 ut
533 615 686 694 attingant,
708 633 781 697 quae
797 626 866 696 sunt
881 616 966 678 etiam
981 617 1118 695 gratiora.
1148 618 1249 680 Danda

189 720 279 780 opera
294 710 340 763 est
353 702 484 776 omnino,
500 702 525 763 si
536 702 640 782 possit,
655 702 797 784 utrisque,
812 721 868 764 neo
878 701 986 776 minus,
1001 709 1034 764 ut
1046 703 1132 764 etiam
1145 703 1248 782 singu-

188 787 223 848 lis
240 787 423 862 consulatur,
441 788 496 848 sed'
507 787 559 862 ita,
575 796 608 849 ut
623 807 655 848 ea
670 807 717 849 res
733 796 782 850 aut
796 787 893 868 prosit
906 795 956 850 aut
970 795 1048 849 eerte
1060 807 1098 850 ne
1115 789 1193 850 obsit
1207 790 1250 851 rei

188 872 328 952 publicae.
369 872 548 936 u-Gracehi
573 873 889 953 frumentaria‘magna
911 873 1039 952 largitio:
1065 874 1250 937 exhauriebat

187 957 276 1036 igitur
300 958 456 1018 aerarium:
477 957 591 1020 modica
610 959 647 1020 M.
663 959 772 1021 Octavii
790 968 819 1022 et
837 959 878 1020 rei
897 957 1030 1038 publicae
1048 959 1206 1022 tolerabilis
1221 968 1250 1021 et

135 1059 167 1109 73
187 1043 263 1122 plebi
279 1043 455 1115 necessaria:
471 1061 540 1122 ergo
556 1052 585 1105 et
600 1043 710 1118 civibus
725 1056 754 1106 et
768 1045 811 1106 rei
824 1044 955 1125 publicae
967 1043 1111 1115 salutaris.
1137 1045 1171 1106 ln
1185 1045 1248 1126 pri-

187 1128 244 1189 mis
259 1135 356 1190 autem
371 1128 528 1190 videndum
544 1129 598 1190 erit
610 1130 650 1203 ei,
669 1130 795 1210 quirem
811 1129 958 1209 publicam
973 1129 1201 1206 administrabit,
1216 1140 1250 1192 ut

188 1232 275 1275 suum
296 1213 420 1294 quisque
439 1221 536 1275 teneat
555 1232 650 1294 neque
668 1216 705 1276 de
724 1216 811 1277 bonis
831 1215 1012 1294 privatorum
1027 1215 1139 1295 publioe
1153 1215 1248 1276 demi·

187 1299 271 1360 nutio
291 1299 348 1360 fiat.
379 1299 547 1363 Perniciose
567 1301 644 1362 enirn
660 1300 813 1380 Philippus
834 1301 865 1362 in
885 1299 1048 1375 tribunatu,
1067 1319 1134 1362 oum
1153 1301 1247 1381 legem

187 1384 328 1463 agrariam
348 1385 448 1458 ferret,
470 1403 559 1464 quam
579 1392 676 1446 tamen
691 1385 833 1466 antiquari
848 1385 929 1447 laoile
944 1403 1049 1465 passus
1065 1394 1110 1448 est
1124 1393 1153 1446 et
1166 1386 1196 1446 in
1212 1405 1247 1448 eo
1386 1433 1387 1462 ,

188 1470 372 1532 vehementer
391 1488 423 1530 so
442 1471 624 1532 moderatum
645 1473 790 1552 praebuit,
816 1471 868 1533 sed
890 1491 956 1532 oum
976 1471 1007 1532 in
1026 1473 1138 1549 agendo
1158 1472 1249 1534 multa
1353 1543 1357 1547 ,
1386 1471 1387 1476 ’

186 1555 366 1634 populariter
381 1562 443 1616 tum
459 1555 528 1618 illud
543 1558 625 1630 male,
643 1564 717 1618 ‘non
733 1577 799 1620 esse
814 1557 847 1618 in
860 1556 971 1618 civitate
987 1558 1045 1618 duo
1060 1557 1141 1618 milia
1150 1557 1248 1620 homi-

187 1675 274 1770 wegan
300 1707 345 1756 (les
366 1707 496 1764 sebiirsern
518 1707 689 1772 Gegensatzes
740 1709 824 1774 joelem
842 1709 865 1760 ia
878 1707 941 1758 Rom
952 1709 1073 1759 lebonden
1086 1710 1183 1774 Biirger
1194 1724 1248 1760 mo-

188 1775 260 1825 zuod
267 1773 384 1840 singulos
393 1777 444 1826 untl
454 1776 516 1825 wiral
527 1778 604 1827 durch
614 1777 689 1844 qoo'e-
744 1779 835 1828 natliob
846 1778 885 1828 ein
895 1778 1050 1827 bestimmtes
1061 1777 1185 1842 Quantum
1198 1775 1249 1828 Ge·

145 1845 149 1852 ’
187 1843 331 1909 quoodrom
338 1843 466 1912 publicam
473 1847 690 1911 pertinenterl'aiu·
744 1847 837 1910 moldo,
855 1847 901 1896 aler
913 1845 1011 1895 Modius
1029 1862 1061 1895 zu
1074 1847 1124 1908 6¹),
1138 1847 1181 1910 As,
1195 1847 1218 1896 tl.
1232 1847 1249 1896 i.

165 1914 177 1930 ⁸
187 1919 246 1962 tert.
743 1914 816 1964 kannt
834 1914 873 1964 die
886 1913 970 1964 lliillto
986 1915 1031 1964 des
1045 1913 1250 1965 Durobsebnitts·

219 1979 317 2030 Morom
329 1983 417 2030 autem
430 1979 504 2030 n'arnl.
517 1995 580 2046 quae
593 1981 624 2030 ad
637 1995 689 2030 rem
744 1983 848 2047 preisos,
861 1981 1114 2044 varablolgtwerden
1126 1983 1209 2034 sollte.
1221 1982 1247 2032 S.

185 2047 309 2114 publicam
322 2048 455 2112 pertinent.
474 2047 689 2100 ermenteo-sos
744 2049 881 2101 Mommsen
902 2049 924 2100 ll
946 2065 970 2116 p.
989 2049 1030 2100 99.
1063 2049 1131 2101 Naoh
1155 2051 1249 2102 seinetn

186 2117 251 2165 oioos
254 2118 400 2183 pertineant
408 2116 561 2166 miissenwir
570 2117 690 2166 iibersez-
744 2117 835 2168 Sturze
848 2123 931 2181 wagte
944 2118 989 2167 der
1000 2117 1077 2168 Sonat
1089 2119 1143 2170 (lies
1154 2118 1248 2169 Gesetz

187 2198 240 2247 zen,
251 2183 311 2232 ‘sloh
320 2183 437 2246 ledlgliolr
447 2183 492 2233 aul
499 2185 538 2234 dle
549 2183 689 2236 Gesammt·
743 2188 897 2250 wenigstens
918 2185 987 2235 nieht
1002 2201 1066 2249 ganz
1084 2187 1248 2251 aut'zubeben,

186 2253 238 2302 brit
246 2249 380 2316 bezieben’,
391 2251 506 2317 subigatos
515 2257 544 2303 ut
553 2255 690 2318 attingant,
743 2255 805 2304 aber
824 2254 873 2304 wie
893 2253 955 2304 weit
970 2254 1021 2303 und
1040 2255 1112 2304 itanu
1130 2271 1158 2306 es
1171 2256 1248 2305 durolr

187 2320 234 2370 ‘die
245 2320 381 2370 llinzelnen
394 2320 545 2371 mittrollen'.
560 2321 606 2371 Min
618 2322 690 2372 bene·
743 2324 788 2372 das
802 2321 896 2383 Gesetz
910 2324 954 2373 des
968 2322 1002 2374 M.
1016 2322 1137 2374 Octavius
1149 2323 1247 2374 modili-

180 2389 272 2455 fiea'om
284 2388 319 2439 od
328 2404 384 2439 rem
393 2390 523 2457 publicam
531 2394 598 2458 pert
607 2389 642 2440 ist
650 2389 690 2440 l'u'r
744 2392 793 2441 eirt
804 2392 845 2456 ist,
857 2391 922 2441 lbsst
932 2391 984 2441 siolr
994 2391 1061 2441 niebt
1071 2407 1156 2455 sagon.
1178 2393 1247 2442 Brut.

187 2457 233 2506 don
255 2454 347 2506 Rlimer
367 2457 406 2506 die
429 2457 597 2508 Uebernahme
616 2457 690 2521 jedes
744 2459 785 2522 62,
799 2459 848 2510 222
860 2458 897 2510 Μ.
910 2458 1041 2510 Octavium
1052 2458 1192 2526 Cnfiliom,
1207 2463 1251 2527 qoi

187 2524 366 2587 StaatsnmtoS,
391 2525 422 2574 du
443 2539 471 2574 es
492 2526 547 2575 eino
569 2525 691 2588 Leistung
744 2531 846 2578 matum
863 2530 1018 2578 auctoritate
1035 2528 1188 2595 dicendoque
1203 2544 1248 2578 ra-

166 2593 250 2642 'obne
283 2592 487 2656 Entsobiidigung
520 2593 563 2642 ist.
604 2592 690 2644 Hierin
743 2595 933 2660 loit,otlogem
941 2593 1248 2664 Semproniamfromen-

187 2661 253 2710 kann
274 2661 388 2724 zugloiob
409 2661 465 2710 eino
485 2661 533 2710 tlon
550 2659 690 2710 llinzelnen
732 2665 837 2716 ,tara'mn
852 2663 1096 2728 popolisreqoenttb
1107 2666 1249 2730 suffragiis

187 2728 353 2779 mittreffende
368 2727 500 2778 Wobltbat
510 2729 602 2792 bergen,
617 2743 689 2778 wenta
744 2731 916 2793 abrogaverit.

188 2813 210 2846 z.
226 2797 251 2846 u.
265 2797 441 2847 tlerFeMberr
450 2798 526 2848 durch
536 2799 575 2846 (lie
584 2793 689 2858 liriegs·
779 2796 820 2845 73.
846 2796 992 2880 Pbilipeos:
1017 2794 1035 2858 l,
1057 2794 1097 2858 30,
1121 2796 1177 2846 108.
1202 2798 1248 2848 Ars

188 2863 262 2914 be‘ute
282 2866 329 2914 deo
347 2864 483 2914 Einzelnsn
497 2865 692 2926 Erleiohtorung
744 2863 838 2914 Tribun
855 2864 905 2912 und
923 2863 1015 2912 tonsol
1032 2862 1071 2924 (de
1087 2877 1123 2911 or.
1136 2861 1155 2926 Ι,
1168 2862 1191 2926 7,
1204 2863 1246 2925 24)

120 2961 125 2969 -
187 2933 232 2982 der
242 2932 409 2983 Staatslasten
419 2931 561 2994 versobalit,
575 2932 636 2980 oder
645 2931 690 2979 der
744 2931 818 2982 stand
827 2947 855 2980 er
865 2929 1245 2996 derSenatsparteigegeniiber‚

186 2999 293 3051 Praetor
304 2999 370 3049 belm
377 2997 578 3063 Rechtspraoben
590 2997 635 3047 aui
642 2999 689 3046 den
744 2999 842 3048 sehloss
857 3000 907 3049 sieb
919 2998 982 3048 aber
993 2999 1079 3065 opiter
1090 3011 1122 3048 an
1135 2997 1175 3049 die
1188 2998 1247 3049 Sul-

186 3067 324 3120 Einzelnen
341 3067 426 3130 billige
443 3065 579 3126 Riioksiobt
595 3065 689 3116 nimmt.
743 3066 816 3116 lanea
827 3082 867 3116 an.

186 3135 238 3187 Cic.
255 3136 350 3200 opriobt
362 3150 410 3184 nur
421 3150 470 3184 von
482 3135 575 3196 denen,
592 3133 689 3183 welche
778 3135 1115 3202 Perrziea'oso-Pbib'ppua:
1125 3136 1188 3201 ogit,
1194 3149 1248 3186 was

186 3205 226 3254 die
235 3203 315 3266 Sorge
328 3201 370 3251 iiir
381 3203 420 3252 ‹lia
431 3200 690 3265 Allgemeinboitver·
743 3203 791 3252 wir
808 3218 855 3253 uns
874 3204 906 3253 int
918 3202 1053 3254 Gadanken
1067 3204 1202 3269 srg'ainzen,
1215 3204 1249 3254 ist

188 3272 302 3334 sannen,
332 3271 414 3319 indem
436 3271 472 3320 sie
494 3270 624 3320 entweder
643 3285 689 3320 aus
744 3272 811 3321 nieht
820 3271 896 3321 durch
906 3271 1002 3337 Ellipse
1012 3270 1175 3336 ausgelallen,
1189 3287 1248 3322 son-

187 3339 313 3389 llabsuebt
325 3338 377 3388 sloh
390 3353 428 3388 am
443 3339 529 3388 sanate
544 3338 690 3388 bereiehern
743 3342 804 3390 dern
815 3342 999 3408 perniciore-
1009 3339 1142 3408 Prattppas
1154 3341 1193 3390 die
1207 3356 1247 3390 er-

188 3409 219 3470 (o.
233 3406 274 3468 22)
293 3407 354 3456 oder
372 3407 448 3456 ‹lurob
470 3405 573 3456 liberale
591 3406 689 3458 Asker-
744 3408 1247 3470 steH'aillteeinesSatzos,dessenzweita

186 3477 235 3526 und
253 3475 448 3538 Schultlgesetze
471 3476 501 3536 (o.
519 3473 564 3539 23,
586 3475 627 3538 24)
650 3476 689 3526 dis
744 3476 932 3527 anaboluthiscb
948 3477 972 3540 in
988 3477 1036 3528 sed
1048 3476 1248 3542 comotiogendo

188 3543 269 3594 Gunst
286 3543 331 3592 olor
341 3542 479 3593 lliuzelnen
495 3544 627 3594 erstreben
639 3545 689 3593 und
744 3544 815 3608 iolgt.
835 3544 892 3608 Vgl.
902 3543 942 3606 lll,
953 3545 993 3608 26,
1004 3545 1035 3621 93
1049 3545 1110 3596 actile
1119 3544 1248 3596 ridebatur

187 3613 231 3662 des
245 3610 321 3664 Wohl
334 3611 491 3662 deannzan
504 3612 689 3662 vernaebliissi·
746 3611 859 3666 Mltos-‘-
875 3613 922 3664 aed
933 3613 1139 3664 intromittatur.
1165 3611 1248 3664 Uober

186 3697 242 3744 gen.
744 3681 792 3732 aad
803 3697 823 3738 s.
837 3699 860 3731 z.
872 3681 890 3746 l,
904 3681 945 3745 30,
961 3681 1017 3732 105.

218 3752 327 3818 partim:
340 3746 439 3812 Madvig
451 3745 475 3813 ξ.
486 3747 544 3812 284,
557 3748 582 3799 4.
777 3753 913 3816 autquasi,
926 3750 950 3799 tl.
961 3751 977 3800 i.
989 3749 1051 3812 tolli,
1062 3748 1194 3812 eigontlioh
1204 3747 1248 3796 be·

219 3817 689 3884 utrisque,d.i.utriquebenelioiorum
744 3818 877 3869 dentatos
900 3820 925 3867 in
946 3819 993 3868 tlen
1014 3817 1116 3868 lriibern
1134 3815 1248 3868 Zustantl

186 3887 281 3950 generi.
745 3886 984 3938 zuriiekversetzen.

222 3953 247 4005 0.
266 3951 376 4006 Gracchi.
400 3953 437 4004 Er
456 3953 609 4021 bastitanus,
631 3954 689 4004 dass
778 3955 949 4006 aetornum.-
961 3969 982 4004 s.
995 3969 1018 4003 z.
1032 3951 1058 4018 ᾗ.
1070 3952 1112 4004 64.
