2734 4478
183 265 224 326 50
615 259 659 310 aa
677 257 816 310 orrrcns

131 432 163 484 tt
182 415 292 478 bellum
309 416 387 478 ultro
406 413 558 476 inferentis
583 413 735 476 interitum
753 431 821 476 cum
846 413 954 475 scelere
973 411 1170 492 approbavit]
1206 412 1250 475 Ac

183 501 219 562 de
232 500 341 562 bellicis
356 499 474 580 quidem
491 499 594 560 officiis
615 499 686 560 satis
702 498 813 561 dictum
831 507 885 560 cst.
914 497 1133 558 Meminerimus
1150 507 1249 560 summ

182 585 270 647 etiam
296 585 435 646 adversus
459 584 579 644 infimos
598 583 739 644 iustitiam
763 603 829 644 esse
849 583 1031 646 servandam.
1070 583 1126 644 Est
1149 592 1250 646 autem

181 671 283 732 intima
295 667 428 731 condicio
440 675 469 730 ct
480 670 598 730 lortuna
609 686 771 740 servorum,
788 668 893 748 quibus
904 687 967 729 noa
979 669 1054 729 male
1064 667 1251 748 praecipiunt

181 756 232 836 qui
247 756 284 816 ita
298 755 399 816 iubent
412 754 454 815 nti
469 762 501 814 ut
515 753 715 816 mercenariis:
736 772 858 834 operam
872 753 1055 832 erigendam,
1071 752 1147 814 iusta
1161 772 1249 832 prae-

182 841 286 902 benda.
321 839 396 902 Cum
412 847 510 900 autem
525 839 641 900 duobus
654 839 768 910 modis,
788 839 818 900 id
831 847 891 913 eat,
912 846 963 900 aut
976 838 1003 898 vi
1019 846 1068 899 ant
1082 839 1186 900 fraude
1200 839 1250 899 fiat

181 925 300 998 iniuria,
316 927 395 986 fraus
411 923 495 1004 quasi
509 924 688 1002 vulpeculae,
703 924 746 984 vis
760 924 854 986 leonis
870 925 997 984 videtur:
1017 931 1176 1011 atrumque
1190 924 1249 984 bo·
1355 947 1356 956 2

181 1010 261 1071 mine
276 1009 501 1080 alienissimam,
522 1009 575 1069 sed
591 1010 669 1071 lraus
686 1009 755 1071 odio
776 1009 863 1088 digna
877 1007 1134 1080 maioreetTotius
1149 1019 1248 1070 autem

181 1095 340 1156 iniustitiae
355 1095 433 1155 nulla
453 1093 603 1171 capitalior
622 1112 844 1172 cumeorum,
865 1094 914 1174 qui
934 1083 1020 1166 tuml
1034 1113 1102 1152 cum
1122 1094 1250 1154 maxime

181 1180 290 1266 fallunt,
306 1178 335 1239 id
351 1171 440 1256 agdnt
455 1186 487 1240 at
501 1177 555 1238 viri
569 1178 641 1239 boni
657 1197 722 1238 esse
736 1179 897 1240 videantur.
925 1179 964 1238 ne
977 1177 1088 1239 iustitia
1100 1178 1172 1238 satis
1185 1176 1249 1239 dic-

181 1273 244 1326 tum
260 1272 315 1326 ast.

123 1351 165 1411 14
268 1349 419 1426 Deinceps
439 1355 471 1409 ut
486 1356 546 1408 erat
560 1346 758 1426 propositum,
778 1347 814 1407 de
833 1346 1074 1408 beneficentia
1094 1367 1133 1408 ac
1148 1347 1189 1408 de
1203 1348 1250 1408 li-

130 1441 162 1492 tt
180 1434 373 1497 beralitate
389 1433 508 1506 dicatur,
523 1451 579 1511 qua
590 1431 709 1510 quidem
719 1431 792 1493 nihil
802 1441 847 1493 est
857 1432 1118 1496 naturachominis
1129 1451 1248 1495 accom-

180 1518 343 1591 modatius,
359 1518 409 1579 sed
425 1517 512 1578 babet
526 1515 632 1578 multas
648 1515 808 1578 cautiones,
836 1516 1000 1578 Videndum
1015 1524 1061 1577 est
1076 1517 1169 1592 enirm
1183 1518 1248 1596 pri-

180 1624 263 1666 mum
275 1622 313 1664 rae
325 1603 403 1664 obsit
411 1601 573 1681 benignitas
584 1612 612 1663 et
622 1601 659 1662 iis
670 1601 754 1680 ipsis,
766 1601 872 1680 quibus
882 1601 1008 1680 benigne
1019 1603 1163 1664 videbitur
1174 1603 1247 1676 fieri,

181 1699 211 1752 et
222 1687 337 1761 ceteris,
352 1687 457 1748 deinde
477 1705 513 1748 ne
521 1685 620 1764 maior
630 1686 794 1764 benignitas
810 1687 849 1747 sit
861 1705 948 1766 quam
959 1687 1120 1760 facilitates,
1135 1695 1199 1748 tum
1214 1698 1248 1748 ut
1307 1735 1311 1744 .
1355 1763 1356 1768 ἵ

183 1792 238 1854 pro
251 1773 387 1854 dignitate
399 1772 501 1851 cuique
512 1772 665 1842 tribuatur.
685 1771 718 1832 ld
729 1771 808 1833 enirn
820 1780 865 1832 est
876 1769 1001 1832 iustitiae
1012 1771 1247 1846 fundamentum,
1355 1799 1356 1846 3

183 1858 218 1920 ad
240 1877 328 1937 quam
343 1859 417 1919 haec
434 1853 588 1918 referenda
608 1864 677 1918 sunt
696 1857 804 1918 omnia.
835 1856 910 1937 Nam
929 1864 958 1916 et
977 1855 1027 1936 qui
1047 1857 1249 1935 gratificantur
1355 1855 1356 1866 ’

184 1943 309 2023 cuipiam
325 1942 406 2022 quod
422 1941 500 2002 obsit
514 1941 567 2014 illi,
587 1940 633 2002 cui
649 1941 793 2019 prodesse
807 1940 878 2002 velle
893 1941 1056 2015 videantur,
1077 1960 1139 2002 non
1154 1941 1247 2004 bene-

184 2027 232 2090 fici
246 2045 340 2106 neque
355 2024 500 2101 liberales,
520 2026 571 2087 sed
586 2025 744 2104 perniciosi
760 2033 955 2088 assentatores
970 2026 1118 2088 iudicandi
1132 2035 1203 2088 sant
1217 2025 1248 2088 e't

162 2111 235 2192 ,qui
250 2111 312 2172 eliis
328 2119 448 2184 nocent,
469 2117 502 2172 ut
516 2110 546 2171 in
562 2110 634 2172 alios
654 2110 787 2172 liberales
811 2111 885 2184 sint,
906 2111 936 2171 in
956 2111 1055 2172 eadem
1076 2119 1146 2172 sunt
1164 2111 1246 2172 iniu-

130 2206 162 2256 43
181 2195 272 2270 stitia,
294 2203 326 2256 ut
342 2194 367 2258 si
382 2193 411 2256 in
433 2213 518 2256 suam
538 2212 603 2255 rem
623 2195 714 2256 aliena
736 2198 937 2257 convertant&
948 2195 1022 2257 Sunt
1042 2205 1135 2256 autem
1155 2195 1245 2256 multi

180 2281 346 2362 etquidem
369 2279 467 2360 cupidi
488 2279 653 2360 splendoris
674 2288 703 2341 et
722 2280 843 2359 gloriae,
864 2281 914 2359 qui
933 2281 1056 2360 eripiunt
1074 2279 1136 2338 aliis
1156 2280 1242 2355 quod

179 2366 241 2428 aliis
257 2367 426 2444 largiantur,
442 2364 519 2444 iique
534 2361 712 2426 arbitrantur
728 2385 760 2425 se
774 2361 922 2426 beneficos
936 2365 968 2426 in
984 2383 1053 2425 suos
1069 2363 1177 2424 amicos
1192 2362 1242 2422 vi·
1354 2429 1355 2432 Ἴ

180 2469 246 2514 sum
264 2450 308 2522 iri,
324 2450 349 2509 si
363 2449 540 2527 locupletent
555 2469 607 2510 eos
623 2468 807 2530 quacumque
817 2450 939 2511 ratione.
967 2451 999 2512 ld
1015 2458 1110 2510 autem
1125 2454 1244 2508 tantmn
1354 2451 1355 2494 ἶ

180 2617 213 2670 18
230 2631 286 2668 eam
306 2617 520 2683 vituperationem
538 2617 681 2668 ant-enatis.

214 2683 254 2736 41.
272 2684 364 2750 parom
375 2682 495 2734 vcrbiada
507 2683 552 2734 mit
563 2687 609 2736 uti.

212 2753 257 2820 qai
264 2751 408 2804 a'tat'ubent:
418 2749 513 2802 Seneca
519 2752 550 2802 de
555 2752 637 2803 benef.
643 2751 683 2818 lll,

179 2819 211 2872 22
225 2835 260 2886 pr.
280 2835 378 2884 earcuo,
396 2823 427 2870 ot
435 2819 520 2901 placet
532 2819 680 2889 Chrysippo,

176 2891 590 3020 pcddddummrldnbrcdddbddtbsossiger
603 2955 681 3019 Laba,

178 3024 230 3076 aleo
245 3022 392 3088 Wobanag,
405 3021 540 3089 llleiduag‚
554 3023 682 3088 Nahruag.

214 3089 303 3146 Totius
314 3092 454 3142 miraett'tr'ae
465 3091 541 3159 auda,
553 3109 602 3144 von
613 3093 683 3143 allen

176 3159 256 3213 Acten
267 3161 312 3211 dar
321 3159 543 3223 Uagerecbtigkeit
556 3161 590 3212 ist
599 3161 682 3211 keine.

176 3229 221 3282 Um
246 3227 423 3280 verschiedene
442 3227 524 3278 Acten
547 3229 616 3280 eines
636 3229 681 3280 eb-

175 3305 286 3349 atractea
298 3295 404 3358 Bagrids
417 3297 619 3361 auszudriiclen,
636 3298 681 3347 be-

175 3365 245 3417 dieut
254 3365 305 3415 siclt
316 3364 367 3414 Cic.
381 3364 511 3414 eatwader
519 3365 564 3415 des
573 3363 681 3430 Plurels,

174 3431 198 3500 ξ.
206 3433 238 3484 78
266 3432 424 3484 aromaticas.
447 3429 471 3496 ξ.
481 3431 511 3482 19
524 3432 600 3484 arrultr'
610 3433 679 3485 redi·

173 3507 224 3554 tus.
262 3540 267 3552 .
281 3499 328 3550 103
341 3516 430 3552 sorano
442 3503 468 3550 et
478 3503 604 3566 praelibes
616 3506 678 3552 cete

174 3574 219 3622 rie.
250 3570 275 3636 ξ.
288 3569 332 3618 131
360 3569 496 3620 tarditates
513 3573 538 3620 a'a
556 3569 678 3634 digressu

172 3636 678 3774 lldttall’llalllsstlzltta

171 3773 238 3838 bnng
254 3775 299 3826 mit
315 3777 396 3826 matois
414 3773 475 3822 oder
487 3777 572 3823 tolus:
589 3774 620 3822 de
634 3773 675 3822 lin.

736 2621 846 2683 damae
857 2633 948 2670 samm
958 2621 1083 2670 amarer.

770 2701 829 2736 cum
848 2690 976 2738 nomana.-
1005 2690 1119 2738 rnaemte
1143 2687 1177 2737 ist
1197 2687 1245 2737 anit

738 2769 797 2804 eam
813 2770 845 2804 zu
856 2755 1007 2817 verbinden3
1024 2756 1076 2819 vgl.
1090 2771 1113 2805 z.
1124 2753 1153 2818 ll,
1165 2755 1189 2818 l,
1199 2754 1241 2805 23.

772 2812 823 2872 14.
849 2822 890 2872 42,
918 2822 1012 2874 Zuerst
1032 2825 1135 2873 werden
1153 2822 1243 2874 suin-

736 2890 926 2954 sebriinlrungen
936 2891 1088 2956 angegeben,
1099 2892 1196 2942 welche
1202 2892 1243 2942 die

736 2957 1062 3022 Wobltbiitiglreiterleidet
1075 2963 1106 3019 lc.
1114 2960 1164 3023 14),
1177 2960 1243 3010 daun

735 3027 800 3076 wird
812 3028 924 3092 gezaigt,
940 3028 989 3077 wie
1001 3027 1039 3077 sie
1052 3028 1104 3078 sich
1117 3042 1188 3077 zwar
1198 3027 1246 3078 aul

735 3093 808 3157 Allo,
831 3096 871 3144 dic
893 3096 961 3145 nicht
974 3096 1049 3158 jeder
1060 3095 1165 3158 Tugaad
1181 3095 1244 3145 baar
1353 3161 1354 3182 ¹

735 3162 802 3226 sind,
824 3179 855 3211 zu
872 3163 1020 3214 eastreelren
1036 3165 1090 3228 bat,
1111 3163 1174 3212 uber
1184 3163 1242 3214 eine

733 3231 915 3281 verschiedene
925 3232 978 3280 sein
988 3247 1066 3294 muse,
1076 3232 1105 3295 je
1117 3232 1181 3280 nach
1193 3231 1243 3282 deu

734 3298 919 3364 Beziebungen,
940 3300 965 3348 in
982 3300 1063 3348 denen
1079 3299 1129 3348 wir
1145 3314 1177 3348 zu
1193 3299 1243 3348 den

733 3365 871 3416 Einzclaen
885 3369 972 3418 slehen
987 3367 1187 3432 (Vcrpllicbtung
1196 3367 1244 3416 dar

733 3433 1242 3501 Ildulrbarlreit§.47ffl,allgemeineVer·

733 3501 842 3564 biadung
853 3503 918 3553 aller
931 3502 1065 3553 llleuscben
1079 3502 1112 3552 50
1125 3502 1159 3563 ll„
1174 3501 1242 3553 Ver-

732 3569 970 3631 wanatscaalaotl„
982 3568 1242 3633 Freundscbalt55i.,

731 3638 912 3699 gemeinsames
923 3639 1060 3689 Vaterlaud
1072 3637 1136 3701 5il.‚
1149 3639 1241 3688 iusse-

732 3720 759 3754 re
773 3705 908 3756 Umst'dadc
922 3707 973 3768 58).
1219 3763 1224 3768 ,

765 3777 896 3824 coactiones
914 3777 982 3824 stelit
999 3775 1054 3824 hier
1069 3775 1138 3824 nicbt
1154 3775 1188 3824 im
1197 3773 1242 3837 ju-

172 3841 273 3908 1v‚ao,
287 3843 318 3892 bi
337 3857 394 3894 oum
407 3843 490 3892 oracio
502 3844 677 3892 ornamenta
730 3841 945 3894 aistisobeaSinae
958 3859 1007 3893 voa
1020 3841 1163 3908 stipulatio,
1181 3857 1244 3892 sen-

171 3915 219 3964 cat
230 3911 261 3963 dc
272 3925 301 3962 re
312 3909 393 3962 soleat
406 3913 453 3962 aret
464 3909 604 3962 deviamus
613 3927 675 3975 esse,
730 3909 791 3960 darn
803 3910 845 3962 liir
853 3911 953 3977 eiipuod
963 3927 1050 3964 catere
1059 3914 1169 3978 oportet.
