2774 4482
505 297 565 349 LlB.
578 297 596 348 l.
623 299 695 352 CAP.
708 300 749 350 40.
762 300 803 350 41.
852 351 854 354 ,
1151 303 1191 365 97

130 455 205 516 lorte
220 452 289 531 quid
305 451 457 534 discrepet,
472 439 515 514 v'el
530 454 623 516 nudto
639 453 725 514 etiam
741 453 844 530 magis,
861 471 919 532 quo
936 454 1031 518 maior
1046 462 1075 516 et
1089 456 1193 518 melior

131 538 280 600 actionum
301 556 388 618 quam
410 556 553 598 sonorum
579 545 738 600 concentus
758 547 811 598 est.
848 538 959 620 ltaque,
985 548 1017 604 ut
1037 540 1068 601 in
1087 541 1192 604 fidibus
1213 539 1252 600 41

130 623 313 684 musicorum
329 641 413 684 aures
429 623 472 684 vel
487 623 608 683 minima
624 623 767 695 sentiunt,
792 622 835 684 sic
849 641 921 697 nos,
943 625 968 684 si
983 643 1064 686 acres
1081 645 1114 686 ac
1129 626 1193 688 dili·
1217 633 1265 684 146

131 715 232 788 gentes
248 709 462 770 essevolumus
478 707 727 769 animadversores
742 707 895 783 vitiorum,
917 728 1024 788 magna
1045 729 1132 790 saepe
1147 712 1194 774 in·

130 793 301 870 tellegem'us
322 813 357 854 ex
375 794 480 872 parvis.
516 793 559 854 Ex
584 794 736 854 oculorum
767 793 870 854 obtutu
883 867 887 883 Ι
900 794 1125 872 superciliorum
1145 806 1195 859 aut

131 877 309 938 remissione
329 886 378 938 aut
395 877 607 951 contractione,
628 897 663 938 ex
682 877 826 941 maestitia
851 897 885 938 ex
905 879 1048 940 hilaritate
1068 881 1194 954 arrisu,

131 981 169 1024 ex
183 963 332 1024 locutione
351 983 385 1022 ex
405 963 570 1036 reticentia,
591 982 625 1022 ex
641 962 828 1024 contentione
842 963 922 1026 vocis
938 983 973 1024 ex
987 964 1195 1036 submissione,

133 1066 168 1108 ex
183 1047 287 1108 ceteris
304 1047 447 1108 similibus
464 1047 544 1108 facile
555 1047 748 1110 iudicabimus
766 1048 835 1126 quid
852 1066 955 1108 eorum
971 1057 1038 1128 apte
1054 1051 1111 1124 liat,
1127 1051 1196 1129 quid

132 1133 168 1194 ab
184 1133 281 1194 otficio
302 1140 465 1212 naturaque
487 1133 638 1212 discrepet.
670 1133 735 1206 Quo
755 1132 786 1192 in
805 1151 912 1212 genere
931 1129 1058 1196 nonest
1078 1135 1194 1196 incom-

131 1218 255 1278 modum
271 1217 355 1296 quale
371 1219 497 1298 quidque
512 1237 615 1280 eorum
628 1217 666 1280 sit
682 1237 717 1279 cx
729 1218 792 1280 aliis
807 1217 943 1292 iudicare,
960 1227 1001 1293 ut,
1017 1220 1043 1280 si
1059 1220 1129 1300 quid
1144 1221 1196 1282 de·
1220 1274 1223 1282 .

132 1303 232 1364 deceat
246 1302 277 1362 ln
292 1303 356 1376 illis,
374 1303 498 1365 vitemus
513 1304 580 1383 ipsi.
607 1303 653 1365 Fit
668 1304 745 1364 enim
760 1303 859 1364 neseio
875 1323 933 1383 quo
949 1305 1040 1366 modo
1056 1317 1089 1366 nt
1103 1306 1196 1386 magis

132 1387 164 1448 in
184 1386 247 1448 aliis
268 1406 421 1449 cernamus
443 1407 530 1468 quam
550 1389 581 1448 in
601 1389 750 1450 nobismet
767 1388 854 1468 ipsis,
875 1390 899 1448 si
921 1390 989 1468 quid
1011 1391 1196 1470 delinquitur.

132 1473 234 1552 ltaque
249 1473 382 1534 facillime
397 1472 585 1552 corriguntur
599 1473 629 1535 in
645 1475 800 1546 discendo,
820 1491 947 1552 quorum
963 1473 1031 1536 vitia
1046 1475 1198 1536 imitantur

133 1559 309 1633 emendandi
325 1578 410 1620 causa
426 1558 567 1637 magistri.

219 1643 280 1704 Neo
295 1663 363 1705 vero
380 1644 506 1704 alienum
523 1650 568 1704 est
579 1643 614 1704 ad
627 1661 660 1705 ca
672 1642 811 1720 eligenda,
827 1662 900 1722 quae
916 1643 1127 1714 dubitationem
1144 1646 1195 1706 ad·
1219 1654 1266 1704 147
1316 1641 1319 1646 '

133 1729 239 1802 leant,
255 1729 392 1790 adhibere
407 1729 512 1790 doctos
528 1722 722 1788 homines‘vel
737 1727 823 1788 ctiam
838 1747 895 1790 usu
907 1730 1018 1808 peritos
1035 1729 1147 1808 etquid
1162 1730 1197 1793 iis

134 1814 169 1874 de
184 1832 303 1892 quoquc
319 1815 408 1875 olllcii
423 1832 529 1893 genere
550 1814 662 1892 placeat
675 1813 840 1891 'exquirere
869 1813 961 1874 Maior
976 1813 1054 1874 enim
1075 1833 1143 1894 pars
1163 1835 1197 1876 eo

134 1900 194 1960 lere
211 1899 316 1960 deterri
331 1900 416 1972 solet,
432 1918 492 1978 quo
509 1918 524 1958 a
539 1906 642 1959 natura
657 1898 722 1976 ipsa
737 1897 896 1959 deducitur.
923 1895 956 1959 ln
972 1898 1080 1978 quibus
1097 1899 1197 1962 viden-

133 1984 203 2044 dum
220 1991 342 2044 estnon
358 1986 448 2045 modo
465 1983 533 2063 quid
550 1983 673 2062 quisque
688 1983 838 2062 loquatur,
860 1984 911 2044 sed
927 1985 1014 2045 etiam
1030 1983 1097 2063 quid
1116 1984 1197 2063 quis-

69 2142 72 2147 *
134 2087 190 2148 que
206 2069 311 2129 sentiat
326 2065 570 2150 atque'etiamde
590 2087 648 2146 qua
669 2087 753 2128 causa
774 2068 897 2148 quisque
917 2070 1031 2130 sentiat.
1063 2069 1099 2130 Ut
1119 2070 1197 2130 enim

133 2153 262 2232 pictores
279 2161 307 2214 et
322 2154 353 2226 ii,
374 2154 423 2233 qui
444 2154 527 2232 signa
546 2153 736 2227 fabricantur,
756 2161 784 2212 et
798 2172 866 2213 vero
887 2153 973 2215 etiam
990 2159 1094 2234 poetae
1110 2173 1198 2214 suum

135 2239 351 2318 quisqueopus
367 2259 383 2300 a
397 2240 481 2317 vulgo
504 2237 681 2299 considerari
701 2237 774 2310 vult,
794 2245 841 2312 ut,
862 2237 969 2318 siquid
986 2239 1199 2318 reprehensum

136 2324 177 2384 sit
191 2342 212 2382 a,
222 2323 369 2400 pluribus,
384 2323 412 2384 id
429 2323 604 2401 corrigatur,
629 2323 705 2402 iique
721 2330 749 2383 et
764 2341 864 2383 secum
881 2336 990 2384 etcum
1007 2323 1068 2382 aliis
1084 2323 1152 2402 quid
1168 2323 1199 2384 in

137 2425 173 2465 eo
190 2414 340 2484 peccatum
357 2407 394 2465 sit
409 2407 574 2484 exquirunt,
591 2406 633 2467 sic
648 2409 770 2468 aliorum
787 2407 894 2467 iudicio
909 2408 1053 2486 permulta
1068 2407 1155 2468 nobis
1171 2417 1199 2470 et
1219 2465 1223 2488 ι
1266 2461 1272 2490 ,ι
1285 2452 1299 2476 ς,
1323 2443 1336 2452 »-

52 2552 60 2557 ,
135 2488 268 2551 facienda
284 2497 311 2549 et
325 2507 387 2550 non
401 2491 531 2552 iacienda
545 2499 573 2552 et
588 2494 726 2554 mutanda
741 2500 770 2553 et
784 2491 954 2571 corrigenda
970 2500 1047 2553 sunt.
1092 2535 1099 2542 -
1221 2489 1244 2508 '²

227 2573 308 2647 Quae
322 2595 391 2636 vero
406 2595 490 2636 more
504 2584 624 2656 agentur
645 2577 846 2658 institutisque
862 2577 1004 2653 civilibuS,
1025 2579 1060 2639 de
1076 2577 1110 2640 iis
1127 2577 1199 2639 nihil
1223 2583 1270 2636 148
1308 2657 1312 2666 ¹

169 2727 348 2793 oteltfidr'bus.
374 2728 422 2778 ltin
435 2729 563 2779 iilrnlicher
575 2729 642 2780 Ver·
695 2729 800 2796 impelli,
818 2729 921 2792 deduci,
940 2731 985 2781 mit
997 2730 1090 2780 seinem
1103 2729 1200 2782 Urtbeil

135 2796 216 2860 gleich
229 2791 315 2860 parad.
327 2794 367 2858 lll,
381 2795 414 2844 26
431 2798 522 2847 dictato
535 2801 560 2847 ci
567 2797 642 2864 puad-
696 2797 768 2848 dahin
781 2796 882 2859 geldhrt
893 2799 1003 2850 werden.

135 2864 188 2914 luen
200 2865 321 2916 semovit
335 2869 413 2914 erctre
424 2881 575 2930 atomorum,
597 2869 646 2915 aut
731 2864 761 2914 In
773 2866 876 2929 quibus.-
888 2864 913 2930 ᾗ.
929 2864 985 2914 122.

135 2935 161 2982 si
174 2947 264 2982 oenus
281 2933 468 3000 pronunciatus
485 2938 526 2984 est
545 2933 644 2998 syllaba
731 2935 839 2984 sentiat:
866 2949 912 2984 ans
934 2933 1113 2984 Schmeichelei
1135 2950 1158 2983 z.
1174 2934 1201 2984 B.

135 3015 188 3050 una
199 3001 298 3050 erutor
307 3005 354 3050 net
362 3000 471 3064 longior,
481 3001 643 3066 exsibilatur,
697 3001 806 3052 lctiunten
830 3017 877 3050 uns
906 3001 1011 3052 blanche
1040 3003 1093 3052 ibrc
1116 3003 1201 3052 wabre

136 3066 290 3135 exploditur,
302 3070 392 3118 inette
404 3071 432 3117 tn
444 3085 507 3132 patae
519 3072 589 3119 oanni
597 3085 644 3134 ge·
697 3067 816 3132 Meinuug
828 3069 972 3119 verhelilen.

135 3140 178 3186 stu
189 3134 360 3198 moderatior,
383 3138 453 3186 ornati
467 3153 543 3188 vercae
558 3140 645 3204 aptior
696 3165 700 3172 ‹
730 3140 849 3202 pictores.
878 3136 928 3186 Cic.
942 3137 1061 3187 dealitas
1076 3138 1132 3201 das,
1149 3153 1201 3186 was

136 3203 285 3270 accedebat,
302 3207 333 3253 ot
342 3205 370 3252 io
381 3203 480 3270 syllaba
492 3209 516 3254 te
525 3219 645 3272 peccasse
697 3205 763 3254 Plio.
777 3221 800 3252 n.
814 3204 870 3254 hist.
884 3203 994 3269 XXXV,
1009 3204 1047 3268 10,
1059 3204 1097 3268 36,
1108 3203 1140 3254 58
1153 3221 1202 3254 von

135 3270 213 3320 dicer.
284 3325 286 3329 ⁸
697 3273 798 3337 Apelles
812 3273 922 3322 erziililt:
938 3272 1006 3322 Mean
1014 3274 1203 3340 persectaope-

171 3329 223 3388 41.
249 3337 305 3387 146.
323 3337 367 3388 Ee
382 3341 578 3406 superciliorum
598 3343 664 3390 aut·
698 3343 933 3407 rapropoaebetin
943 3341 1203 3406 pergulatranseun-

136 3408 310 3456 contractione
321 3410 369 3456 aut
380 3421 442 3456 rem⁴
469 3406 554 3472 Quint.
564 3405 609 3468 Xl,
621 3407 642 3473 3,
698 3410 775 3472 tibus,
786 3413 863 3472 atque
871 3411 926 3474 ipae
932 3413 993 3474 post
1002 3407 1114 3458 tabulam
1122 3408 1204 3458 latens

137 3473 170 3536 ⁷9
181 3477 223 3523 ira
236 3476 305 3523 enim
316 3476 464 3536 contractio,
483 3478 591 3524 tristitia
601 3475 644 3526 de-
698 3476 770 3540 tttia,
789 3491 852 3539 quae
863 3479 1026 3541 notarentur,
1044 3476 1205 3526 ausmtltabat

135 3539 232 3606 ductat,
251 3542 370 3592 bilordtae
388 3545 504 3592 remens
522 3542 644 3608 (superci-
699 3544 803 3608 volgum
813 3542 998 3607 diligentiorem
1006 3543 1114 3594 c'udiocm
1129 3560 1204 3610 quam

136 3609 187 3672 liis)
202 3609 352 3660 ostenditur.
699 3629 727 3661 se
743 3612 903 3680 praeferens.
930 3611 998 3661 Auel
1020 3612 1067 3662 den
1084 3612 1203 3662 Dichtern

174 3693 264 3727 eorum
282 3677 358 3726 niind.
375 3693 438 3742 quae
455 3681 568 3741 agentur,
592 3695 644 3730 was
700 3680 768 3744 giebt
789 3679 872 3730 Horaz
894 3680 1007 3730 iilrnliclre
1031 3679 1203 3732 Vorsclrriften

38 3801 40 3804 ¹
138 3759 183 3794 aus
202 3747 257 3794 dem
274 3745 337 3794 oben
358 3747 495 3795 stebendcn
517 3747 646 3806 actionum
700 3749 730 3798 de
742 3749 869 3813 artpoiit.
883 3748 932 3798 429
946 3747 971 3797 ll.
996 3765 1034 3814 ep.
1047 3748 1064 3813 Ι,
1080 3748 1118 3807 19,
1133 3745 1165 3796 39
1178 3745 1203 3797 ll.

116 3829 121 3835 ’
139 3827 172 3860 zu
184 3814 333 3862 entnehmen
346 3813 388 3862 ist.
737 3814 792 3864 148.
813 3817 935 3866 Solinates
944 3818 1016 3866 stand
1028 3817 1096 3865 niclit
1105 3831 1152 3864 nur
1160 3817 1205 3866 mit

174 3880 230 3930 tta.
245 3881 330 3931 Maior
340 3897 412 3948 pars,
425 3881 465 3930 die
477 3879 606 3932 lllchmehl
619 3883 644 3949 ξ.
700 3885 755 3934 dem
769 3885 871 3934 antiken
885 3884 1044 3934 Stantsleben
1062 3884 1086 3933 in
1100 3883 1204 3934 Wldcr-
1279 3898 1280 3902 ¹

140 3945 196 3998 118.
220 3949 324 4014 deferre
335 3951 404 3999 stelit
415 3949 462 3998 wic
474 3947 498 4015 §.
511 3949 559 4000 118
563 3952 645 4018 ferri,
701 3954 803 4018 spruclr,
817 3953 925 4004 sondern
939 3959 1039 4016 erregte
1052 3953 1114 4004 auch
1128 3953 1205 4016 durolr

490 4018 503 4032 Ι

192 4029 237 4074 cic.
248 4033 276 4074 de
285 4032 345 4078 oilie.
847 4069 858 4083 .
993 4057 999 4087 t
