2734 4478
528 277 589 329 nic.
601 277 620 328 1.
646 261 719 329 car.
734 277 774 329 τι.
790 279 829 330 12.
969 274 972 279 ·
1165 279 1207 341 47

139 433 275 516 repetitis
291 440 408 513 geratur
422 441 472 494 am
486 432 694 494 denunciatum
710 441 776 494 ante
791 431 830 494 sit
845 439 874 494 et
885 431 1036 494 indictum.
1066 431 1207 512 [Popilius

143 522 307 600 imperator
321 518 437 580 tenebat
450 516 639 597 provinciam,
649 517 680 578 in
695 516 778 578 cuins
793 516 922 579 exercitu
933 516 1051 578 Catonis
1062 515 1139 577 filins
1149 516 1207 578 tim
1247 565 1253 573 .

143 605 295 666 militabat.
329 603 403 665 Cum
422 611 518 664 autem
534 601 649 682 Popilio
668 601 814 663 rideretur
832 619 921 664 unam
945 601 1090 662 dimittere
1114 600 1207 679 legio·

143 707 222 766 nem,
238 688 357 750 Catonis
373 705 490 768 quoque
501 687 602 762 lilium,
618 686 667 766 qui
678 686 708 747 in
719 687 820 748 eadem
830 687 944 765 legione
954 685 1104 758 militabat,
1120 684 1207 746 dimi·

142 775 190 837 sit
222 773 280 835 Sed
301 791 368 834 eum
388 791 488 835 amore
509 768 659 852 pugnandi
670 771 703 832 in
718 771 846 834 exercitu
859 770 1063 845 remansisset,
1079 769 1154 832 ilato
1170 769 1207 830 ad

142 859 293 940 Popilium
308 857 440 938 scripsit,
459 865 505 931 ut,
527 857 553 918 si
573 873 639 917 eum
655 857 764 936 patitur
782 857 814 918 in
828 856 955 919 exercitu
974 872 1137 928 remunero,
1158 873 1207 916 se·

143 944 242 1007 cemele
257 961 326 1005 eum
341 941 449 1022 obliget
461 941 580 1010 militiae
596 950 793 1016 sacramento,
814 942 880 1022 quia
899 941 1214 1022 prioreamissedure,

143 1047 213 1091 cum
232 1027 368 1090 hostibus
389 1039 520 1108 pugnare
538 1043 601 1088 non
620 1034 743 1106 poterat.
759 1059 801 1072 -
831 1027 912 1088 Adeo
932 1041 1049 1088 summa
1068 1033 1130 1086 erat
1149 1025 1206 1086 ob·
1224 1030 1256 1082 37
1329 1030 1332 1034 ’

143 1113 271 1176 servatio
287 1112 409 1174 inbelle
425 1111 581 1196 movendo.
607 1112 644 1172 Μ.
660 1111 776 1191 quidem
793 1111 912 1173 Catonis
928 1111 1007 1173 senis
1022 1117 1068 1172 est
1082 1109 1207 1191 epistula
1309 1172 1311 1177 ,

141 1199 180 1262 ad
194 1199 231 1260 Μ.
248 1197 354 1272 filium,
375 1197 405 1258 in
421 1215 475 1276 qua
492 1195 594 1258 scribit
609 1215 641 1256 se
655 1197 772 1258 audisse
788 1215 855 1258 eumn
876 1197 1001 1258 missum
1018 1198 1126 1257 lactum
1141 1213 1207 1256 esse

140 1303 157 1346 a
178 1284 311 1357 consule,
331 1301 398 1345 cum
417 1283 448 1344 in
463 1281 631 1343 Macedonia
650 1281 725 1343 bello
741 1281 861 1343 Persico
879 1282 963 1343 miles
984 1288 1070 1342 esset.
1108 1279 1207 1340 blonet

141 1368 231 1448 igitur
245 1375 390 1430 utcaveat
405 1385 442 1428 ne
456 1366 600 1446 proelium
617 1367 707 1428 ineat:
722 1375 809 1445 negat
824 1366 902 1428 enim
917 1368 964 1428 ius
975 1383 1041 1426 esse
1057 1364 1106 1444 qui
1120 1363 1206 1424 miles

141 1471 206 1514 non
222 1453 260 1514 sit
275 1471 341 1515 cum
362 1453 449 1514 hoste
467 1453 617 1531 pugnare]
648 1452 791 1530 Equidem
807 1451 894 1513 etiam
913 1450 982 1512 illud
997 1449 1260 1522 animadverto,12

141 1538 232 1620 quod,
244 1539 293 1618 qui
304 1537 427 1617 proprio
438 1537 560 1598 nomine
574 1535 748 1616 ,perduellis’
764 1543 857 1610 esset,
872 1535 898 1596 is
914 1532 1028 1610 ,hostis'
1043 1539 1207 1604 vocaretur,

141 1623 260 1684 lenitate
270 1623 351 1684 verbi
364 1622 407 1684 rei
422 1621 573 1683 tristitiam
586 1621 766 1700 mitigatam..
782 1619 883 1682 Hostis
898 1620 977 1682 enim
989 1619 1067 1699 apud
1080 1618 1207 1680 maiores

141 1716 263 1770 nostros
278 1709 304 1770 is
320 1707 477 1781 dicebatur,
493 1724 580 1786 quem
595 1723 675 1768 nunc
690 1705 896 1786 peregrinum*
912 1703 1045 1768 dicimus.
1075 1703 1208 1766 Indicant

139 1895 188 1944 den
209 1892 289 1957 lirieg
319 1891 395 1957 (Geli.
408 1891 479 1957 XVI,
502 1892 537 1956 4).
578 1889 649 1941 bber
701 1889 856 1958 leporsngt
865 1889 916 1940 Cic.
929 1887 1207 1939 niebtffirbellumin-

139 1963 216 2012 sebon
238 1976 286 2012 vor
304 1959 354 2010 Cic.
368 1959 426 2010 Zeit
441 1959 567 2012 waradies
579 1959 647 2010 Ver·
702 1961 794 2026 σίρστο.
816 1955 1208 2020 DiezweiteErzdblungstimmt

139 2029 227 2079 fabren
243 2028 391 2094 obgelriirat.
426 2027 460 2078 So
475 2028 594 2078 erkl'aircn
606 2027 647 2076 die
702 2023 1118 2094 zuarmitPlutqunest.Rom.3ll
1130 2023 1206 2073 iiber·

138 2096 255 2148 Fetialen
272 2097 387 2147 vordem
398 2094 492 2160 liriege
509 2111 588 2159 gegen
606 2093 647 2144 die
701 2087 1040 2161 εἰσ-’Κάτωνόπρεσβὺτης
1052 2089 1207 2143 triniaco-

138 2164 244 2215 Aetoler
261 2164 317 2216 Liv.
329 2163 456 2228 XXXVI,
474 2161 489 2212 3
505 2165 646 2214 amicitiam
701 2161 734 2244 λῇ
754 2177 809 2213 τινι
834 2156 973 2227 δεδήλωκε
993 2154 1113 2230 γράφων
1134 2154 1208 2228 πρὸς

138 2236 317 2284 roronautma
344 2231 436 2296 cidari,
462 2247 521 2282 cum
549 2231 646 2296 legalia
701 2245 751 2280 τον
762 2224 825 2280 υἱὸν
836 2229 882 2279 καὶ
895 2222 1018 2293 κελεύων,
1033 2228 1057 2278 εἰ
1069 2229 1206 2294 παρεθείη

139 2303 235 2350 totiens
251 2302 423 2367 repetentibus
444 2315 486 2350 rec
508 2313 555 2349 noc
571 2297 647 2349 reddi
700 2297 748 2361 τῆς
766 2299 911 2368 στρατείας
932 2289 1143 2364 ἀποπληρώσας
1158 2288 1207 2345 τὸν

137 2383 186 2418 nec
198 2368 322 2433 aab'sficri
332 2383 440 2432 aequm
452 2368 620 2417 reuertissent.
695 2359 811 2432 χρόνον,
817 2357 1029 2448 ὑποστρέφεινῆ
1038 2360 1209 2430 προςμένον-

176 2433 294 2502 Popilius
304 2437 490 2500 imperator-
505 2435 647 2486 cumboete
700 2447 735 2482 τα
761 2432 854 2497 λαβεῖν
879 2447 957 2500 παρα
978 2431 1028 2480 τοῦ
1051 2429 1206 2499 στρατηγοῦ

139 2517 268 2619 pugnare.
299 2500 363 2550 llass
385 2500 424 2550 die
445 2500 534 2551 beiden
553 2502 578 2551 in
599 2502 646 2551 den
700 2495 733 2550 τὸ
745 2496 846 2558 ἐξεῖναι
857 2501 964 2571 τρῶσαι
975 2499 1022 2549 καλ
1033 2493 1140 2550 ἀνελεῖν
1151 2513 1207 2548 πο·

157 2569 310 2620 isteriscben
326 2568 406 2618 Daten
428 2569 480 2618 sich
495 2568 646 2636 widerspre-
700 2567 806 2637 λέμιον,
817 2561 861 2618 ὅτι
869 2563 919 2632 τὴν
931 2562 1055 2634 ἀνάγκην
1063 2561 1155 2636 μόνην
1163 2563 1206 2623 ἐξ*
1243 2568 1247 2580 ‘

138 2638 253 2688 cbendcu
266 2637 441 2700 Erziiblnngen
455 2637 586 2687 desselben
596 2638 646 2688 Er·
701 2639 802 2687 ουσίαν
817 2634 889 2688 εἶναι
906 2633 953 2688 δεῖ
966 2639 1016 2685 τοῦ
1033 2629 1141 2687 ἀνελεῖν
1157 2625 1207 2684 dc-

138 2706 263 2769 eignisses
281 2704 399 2772 (Popilius
413 2706 589 2756 commendirte
602 2721 647 2770 ge·
701 2709 838 2773 θρωπον·
867 2699 883 2753 ὁ
909 2702 941 2754 δὲ
965 2697 1031 2754 ἄνευ
1047 2697 1138 2770 νόμου
1160 2701 1207 2750 καὶ

136 2773 244 2842 ςσηιελὶσ
260 2773 381 2837 Ligurer,
402 2773 470 2824 niobt
486 2788 567 2837 gegen
584 2773 647 2824 Per·
701 2765 915 2840 προςτάγματος
936 2772 1017 2822 τοῦτο
1042 2770 1134 2820 ποιῶν
1157 2761 1207 2821 ἂν·

138 2843 212 2911 sens)¹
229 2842 300 2892 nicht
320 2841 400 2891 ncben
417 2842 538 2892 einander
558 2842 647 2892 steben
701 2835 844 2908 δροφόνος
863 2837 952 2892 ἐστίν·
982 2838 1028 2889 llic
1046 2839 1138 2888 swelle
1156 2835 1206 2886 Er·

137 2912 248 2974 himen,
265 2907 646 2959 bedarlkeinesweiterenlle·
700 2908 808 2972 z'aiblung
832 2909 875 2958 bat
902 2909 965 2958 auclr
989 2906 1128 2973 spraelrlieb
1152 2921 1206 2956 we*

137 2977 240 3028 weiscs.
269 2977 315 3028 Die
328 2984 398 3027 erstc
411 2977 528 3028 bataucb
542 2978 646 3042 spracb-
701 2977 772 3042 niger
793 2977 968 3042 Austiissiges,
993 2977 1055 3027 aber
1080 2975 1119 3025 sie
1143 2973 1206 3024 wind

64 3054 68 3059 ’
137 3045 187 3096 lieb
200 3045 435 3109 vielAnstb'ssigcs.
466 3044 583 3112 Popilius
595 3047 645 3095 ain·
700 3047 763 3095 ohne
808 3044 859 3095 elle
904 3044 1095 3107 mendacio
1139 3041 1206 3092 Ver-

135 3117 244 3182 perator
258 3143 292 3151 -
314 3116 417 3164 tenebat
432 3115 592 3182 proraiaciam
611 3113 646 3162 ist
700 3113 809 3176 bindung
838 3112 1021 3176 cingescboben
1060 3109 1109 3160 und
1135 3116 1208 3174 pusst

138 3181 197 3245 eine
209 3196 272 3244 vege
290 3183 339 3231 und
352 3181 511 3231 unriirnische
524 3181 645 3231 bezeieb·
699 3181 769 3231 nicht
789 3196 821 3230 zu
837 3181 893 3230 dem
912 3178 1151 3242 Verbergebenden,
1175 3177 1207 3226 da

142 3263 217 3311 nung.
235 3249 534 3315 dr‘nrt‘lterelega'onom—
547 3249 647 3299 dimisit
699 3247 736 3298 sie
758 3247 800 3298 idr
819 3249 859 3297 die
877 3245 1141 3308 Gewisscnlral'tigkeit
1161 3246 1206 3295 des

140 3341 176 3352 ·-
191 3319 357 3368 ταηααείτεαλ
369 3345 400 3354 -
419 3333 555 3368 remmrere
578 3317 647 3380 zeigt
698 3316 838 3365 riimiscben
851 3315 932 3366 Volls
948 3316 988 3366 bei
1005 3316 1051 3365 der
1062 3313 1207 3374 Erkliirunp

140 3397 192 3433 von
211 3383 365 3448 Ddrbigkcit
378 3385 411 3434 ¹in
434 3386 480 3434 der
500 3383 578 3435 wahl
600 3384 645 3433 des
699 3384 769 3433 eines
789 3380 897 3446 lirieges
919 3383 1000 3434 nicbts
1021 3381 1136 3432 bewcist.
1170 3380 1205 3429 Es

138 3446 295 3502 Ansdrne'is.
329 3455 432 3522 patitur
448 3481 482 3489 -
499 3453 596 3518 obliget
610 3452 646 3502 ist
700 3449 1027 3501 scbcintdaberdasilanze
1040 3449 1080 3500 ein
1090 3449 1206 3513 spiiterer

136 3520 313 3584 grnrnmatiseb
322 3521 455 3584 nnricbtig.
471 3523 645 3588 pta'ereome'c-
700 3517 804 3584 Zusatz,
816 3517 865 3567 wic
877 3519 926 3567 wir
937 3518 977 3568 ibn
989 3519 1022 3568 im
1035 3517 1058 3582 ᾖ.
1072 3516 1105 3566 40
1117 3515 1205 3566 baben.

136 3604 167 3638 so
185 3587 251 3638 lrann
268 3589 336 3639 nieht
348 3589 399 3638 wol
411 3589 524 3649 hcissen,
542 3589 582 3638 ‘de
599 3588 645 3637 der
734 3577 786 3637 12·
796 3581 1207 3652 Hostis:Fest.p.102ed.Mdllcr

136 3655 240 3706 l‘riibere
257 3655 304 3706 Eid
321 3655 477 3720 anlgeboben
496 3652 565 3706 war’.
594 3655 645 3704 Der
699 3655 821 3718 bestitigt
838 3653 899 3704 dics.
929 3653 1056 3718 Ricbtiger
1072 3651 1205 3702 hiitteCic.

137 3723 233 3776 Znsatz
242 3725 306 3775 adeo
314 3740 417 3774 samma
428 3729 499 3774 erat
511 3725 563 3774 obs.
574 3730 646 3788 pusst
699 3723 771 3772 einen
784 3723 882 3773 bcwels
895 3723 939 3774 des
949 3720 1136 3785 briegeriscben
1147 3719 1204 3769 Sin-

135 3792 206 3842 niebt
218 3809 250 3842 zu
260 3792 559 3855 dernVorbergebenden,
571 3806 645 3840 weun
700 3806 745 3840 nes
761 3791 798 3840 uls
811 3791 857 3840 der
869 3791 946 3842 Milde
963 3791 1010 3840 der
1025 3789 1119 3838 lliinrer
1135 3788 1205 3838 darin

135 3859 176 3909 die
189 3859 336 3926 Erziilrlung
347 3858 470 3922 wegl'aillt.
489 3859 580 3908 bellum
590 3875 644 3908 mo·
699 3859 822 3922 geseben,
844 3859 903 3908 dass
920 3861 957 3910 sie
973 3857 1049 3922 jedeu
1062 3856 1206 3907 Ausliinder

135 3943 197 3980 cere
208 3929 254 3978 das
266 3927 422 3991 griechiscbe
435 3929 521 3978 κινεῖν
531 3921 579 3977 τὸν
589 3921 644 3976 πό·
699 3925 779 3976 Βαίιιελ
791 3933 907 3976 narnien.
